3162 4816
674 293 722 343 XV

113 483 212 568 adase,
236 503 331 572 quem
360 483 500 550 fructum
529 459 665 553 lectores
678 483 898 572 ¹Hippocratis
931 503 949 550 e
977 483 1059 550 libro
1083 487 1292 572 percepturos

17 605 27 618 ·
115 590 217 658 fuisse
238 589 535 679 arbitrabariapui
551 593 598 660 ita
617 593 791 680 dispositis
814 589 1291 675 οιιιτ,ιιια’1οομόο,ιίπεδείξα-

117 726 186 781 μεν,
205 698 283 784 ἄλλη
303 701 411 786 κοιλίη,
426 701 586 783 ἀτρεκέως,
600 701 857 787 ἀλλοφάσοοντες,
880 698 984 783 ricard,
1005 696 1073 776 ἅλις
1094 706 1161 765 κτλ.
1194 718 1292 766 uoces

120 825 192 871 seso
221 806 427 892 exciperent?
469 797 504 877 'id
529 808 685 879 uidelicet
707 807 823 875 lucrati
842 812 918 874 sunt
940 805 1109 890 commodi,
1132 811 1170 874 ut
1192 827 1292 874 unam

118 933 233 980 uocem
243 921 432 1000 quaerentes
446 920 549 996 totam
556 916 645 984 hand
658 937 731 982 raro
749 916 891 982 litteram
907 913 1101 1002 perscrutari
1117 918 1291 999 oporteret.

117 1019 235 1106 quibus
246 1041 343 1108 porro
353 1023 534 1090 rationibus
545 1023 688 1093 dicemus
709 1043 780 1090 esse
794 1022 928 1106 factum
941 1027 978 1088 ut
993 1021 1117 1108 aliquot
1131 1019 1292 1088 uocabula

112 1147 201 1194 nunc
221 1128 272 1194 bis
300 1129 335 1194 in
365 1130 480 1213 larice.
497 1131 720 1218 explicentur?
753 1130 833 1196 talia
867 1134 961 1196 sunt:
989 1128 1057 1206 ἅλις
1078 1148 1112 1214 Ρ.
1136 1135 1190 1211 40,
1215 1134 1234 1192 6
1258 1132 1292 1192 et

113 1256 148 1322 p.
166 1243 219 1320 49,
239 1243 273 1320 23
305 1237 435 1318 ἄναυδος
456 1260 490 1326 Ρ.
508 1247 595 1320 42,3
612 1243 645 1304 ei
659 1261 692 1326 Ρ.
710 1246 763 1323 56,
777 1245 813 1323 ὃς
849 1237 1034 1324 ἕκθήλοτσις
1055 1256 1088 1322 p.
1107 1241 1160 1319 68,
1174 1243 1192 1300 1
1208 1239 1243 1302 et
1256 1255 1290 1321 p.

114 1351 244 1429 69,13;
269 1346 511 1430 ἐπηλυγᾶζοιιττιι
526 1369 559 1434 Ρ.
578 1354 630 1431 73,
651 1351 717 1414 4ei
731 1367 765 1434 Ρ.
784 1353 858 1429 127,
877 1354 913 1429 73
945 1343 1112 1412 ἐτιταίνετο
1127 1364 1160 1430 Ρ.
1175 1351 1229 1428 67,
1249 1349 1289 1411 16

113 1455 203 1538 etp.
230 1461 283 1536 71,
304 1459 339 1536 53
380 1453 516 1535 ἀνδρεῖος
538 1449 617 1532 οἶτος
639 1472 673 1539 Ρ.
707 1459 805 1537 51,8
845 1456 879 1519 et
913 1472 946 1538 Ρ.
973 1458 1131 1536 102,13;
1163 1449 1291 1518 πελάσιι

112 1579 148 1644 Ρ.
175 1566 248 1644 110,
277 1567 293 1625 1
322 1564 355 1626 et
389 1559 511 1650 salciep
544 1581 581 1646 p.
623 1567 697 1642 105,
723 1568 753 1625 6.
793 1559 857 1624 hue
885 1577 1015 1645 quoque
1049 1553 1154 1624 refero
1189 1555 1321 1633 isidor·

115 1685 151 1751 Ρ.
167 1673 238 1750 101,
258 1673 299 1731 14
315 1672 349 1733 et
366 1667 476 1746 ω’τίὸος
497 1688 531 1754 p.
556 1652 630 1752 138,
656 1675 685 1734 9.
731 1666 919 1754 saepissime
934 1665 1082 1754 denique,
1098 1683 1293 1752 unaquoque

117 1792 222 1858 paene
242 1773 312 1840 dixi
330 1773 462 1860 pagina,
484 1773 659 1843 Erotianus
685 1775 786 1840 utitur
806 1773 951 1840 formulis
973 1758 1111 1852 'lvd-dds,
1141 1775 1293 1848 ἐνταῦθα,

116 1882 240 1967 νῦν’“)ε
274 1901 357 1967 quae
381 1901 468 1947 nunc
490 1901 555 1967 quo
581 1881 761 1948 referantur
782 1901 848 1947 non
870 1879 993 1945 habent
1023 1899 1127 1966 eoque
1149 1876 1292 1965 apertius

114 1987 286 2052 declarant
308 1987 469 2055 ‘ordinem
493 1987 674 2073 glossarum
697 1989 773 2054 olim
808 1987 906 2054 fuisse
929 1988 1038 2069 talem,
1061 1992 1098 2052 ut
1118 1985 1292 2054 lectoribus

113 2094 222 2182 primo
238 2095 354 2160 obtutu
369 2101 506 2180 pateret,
530 2095 573 2167 ad
589 2115 747 2183 quosnam
763 2095 974 2184 Hippocratis
989 2094 1089 2162 libros
1103 2092 1293 2161 referendae

114 2206 225 2268 essent
247 2200 395 2270 Erotiani
418 2201 671 2290 explicationes)
697 2223 783 2268 nune
813 2223 902 2286 uero,
937 2201 1042 2289 quode
1075 2200 1197 2287 optime
1221 2199 1292 2266 iure

117 2307 266 2394 Heringa
308 2310 522 2397 conqueritur,
560 2315 674 2398 ‘saepe
715 2315 803 2376 totus
841 2309 909 2375 fare
937 2307 1155 2395 Hippocrates
1193 2307 1292 2376 etiam

117 2414 235 2482 frustm
260 2416 462 2484 euolueudus
481 2422 542 2501 eat,
557 2422 607 2485 ·ut
627 2415 810 2482 desiderata
844 2416 915 2482 loca
945 2413 1165 2502 reperiamus'
1202 2413 1290 2480 hisce

115 2522 216 2608 igitur
236 2523 418 2602 rationibus
439 2523 598 2610 subnixus
618 2523 766 2610 Haringa
795 2523 1002 2612 prognostico
1033 2521 1178 2608 singulm
1208 2541 1291 2608 quac

113 2630 192 2698 inde
215 2629 377 2698 delibatae
399 2625 486 2715 nunc
507 2615 622 2701 extant
642 2632 768 2716 glossas
791 2631 961 2701 restituere
984 2635 1118 2697 conatus
1141 2634 1200 2728 est

204 2736 277 2804 Iam
305 2759 368 2824 quo
390 2738 516 2808 facilius
531 2759 650 2826 moues
665 2738 777 2804 turbas
792 2737 980 2824 perspieias‚
1004 2757 1085 2824 quas
1109 2738 1290 2824 posteritati

111 2845 243 2933 peperit
276 2845 374 2911 homo
404 2843 458 2912 ille
488 2845 615 2929 sciolos,
647 2846 702 2932 qui
734 2845 883 2911 Erotiani
909 2844 1027 2910 librum
1061 2845 1232 2932 discerpsit
1257 2851 1291 2912 et

111 2954 292 3020 secundum
307 2953 473 3040 alphabeti
487 2954 606 3023 seriem
620 2952 865 3040 conglutinauit,
882 2952 995 3018 tabula
1010 2953 1069 3020 tibi
1084 2958 1160 3018 ante
1177 2953 1287 3018 oculos

113 3060 282 3148 posuimus
305 3061 461 3146 ordinem,
495 3067 530 3130 et
547 3062 657 3150 ·qualis
690 3061 786 3128 hodie
816 3061 850 3126 in
872 3059 977 3127 lexico
1008 3066 1057 3126 est
1086 3059 1224 3138 traditus
1242 3066 1290 3127 et

115 3169 247 3256 qualem
269 3169 379 3235 subtili
396 3175 493 3258 atque
507 3170 677 3256 ingeniosa
692 3170 878 3237 coniectura
892 3167 1128 3256 redintegrauit
1142 3168 1290 3256 llariaga

111 3276 148 3342 in
172 3276 334 3344 obseurat.
357 3279 426 3346 crit.
449 3299 482 3365 Ρ.
508 3289 526 3346 6
551 3299 598 3368 sq.

190 3549 233 3615 16)
253 3548 333 3599 Haud
352 3551 475 3617 exiguum
493 3553 597 3601 nostrae
616 3549 746 3616 opinionis
757 3548 936 3600 fulcimentum
950 3557 1055 3610 qnoque
1072 3541 1138 3594 illud
1159 3546 1206 3608 cst,
1220 3543 1291 3610 qnod

110 3637 209 3705 Lycus,
223 3640 339 3692 medicus
351 3629 557 3706 Neapolitanum
570 3640 602 3693 ἐν
619 3637 658 3692 rai
675 3627 700 3709 ρ’
712 3634 796 3692 rorida
811 3619 863 3690 aori
878 3629 1113 3704 συγγράμματος
1131 3629 1290 3702 ἐξηγητικῷ

112 3729 150 3778 ab
171 3728 296 3782 Erotiano
317 3745 337 3780 s.
357 3745 383 3780 u.
403 3725 549 3802 κομμόρῳ
567 3746 594 3797 Ρ.
614 3730 686 3794 86,9
707 3729 837 3780 laudatur.
876 3741 928 3792 quo
954 3725 1027 3776 cuius
1051 3722 1144 3788 scripti
1162 3737 1288 3772 commen·

110 3817 210 3868 teritur
227 3817 367 3870 Erotianus
385 3819 530 3884 siguificare
548 3819 668 3886 noluerit,
687 3833 792 3884 promus
810 3813 1044 3878 sacracrario
1069 3813 1172 3880 glossae
1189 3809 1292 3862 Erotio-

110 3921 181 3958 ncae
206 3906 280 3957 sedes
299 3907 402 3972 cognita
420 3911 497 3959 esset.
534 3922 678 3974 quaecum
697 3907 730 3956 ad
742 3906 932 3971 Hippocratem,
949 3903 981 3954 dc
999 3901 1063 3954 locis
1082 3902 1110 3952 iu
1128 3899 1234 3957 homine
1252 3899 1287 3949 27

111 3998 221 4062 spectet,
239 3996 393 4067 Eroiiauum
412 3996 444 4048 de
462 3995 529 4063 Lyci
553 3994 736 4049 commentario
751 3995 782 4052 in
801 3994 871 4047 hauc
888 3994 985 4049 librum
1007 3990 1081 4058 loqui
1099 3991 1180 4056 patet.
1193 4014 1227 4028 --
1239 3985 1290 4036 hac

110 4083 250 4136 occasione
268 4085 357 4136 oblata
374 4098 484 4146 errorem
503 4084 636 4150 corrigam,
655 4098 732 4150 quem
749 4083 837 4136 nescio
863 4099 915 4150 quo
939 4083 1016 4136 modo
1037 4079 1161 4135 commisi.
1197 4075 1290 4142 scripsi

111 4174 184 4226 cuim
202 4173 231 4226 in
250 4173 418 4232 ιιᾶιιοῒιιιίοοο
442 4173 533 4236 aridae
555 4173 589 4226 ad
612 4173 767 4227 Euclionem
784 4173 802 4223 l.
820 4173 838 4222 l.
857 4187 884 4238 p.
905 4171 984 4230 acac
1001 4171 1031 4222 in
1053 4169 1139 4232 indice
1155 4173 1289 4222 auctorum

110 4267 215 4332 Lycum
235 4265 445 4315 commentarium
465 4264 492 4312 in
511 4263 696 4329 Hippocratem
716 4263 748 4314 ds
767 4262 883 4312 articulis
904 4262 1025 4330 edidisse.
