3162 4816
848 321 947 376 XXXX

306 517 397 580 niuni
427 515 567 582 fuenms
614 537 652 583 ec
683 515 890 604 grammatici
920 515 1094 604 praecipue
1119 515 1219 585 iidem
1240 513 1325 602 suni,
1352 538 1434 606 ques
1461 537 1479 584 a

307 625 451 713 Didymo
469 625 657 711 saepissime
681 626 843 690 consultos
868 645 938 691 esse
964 625 1080 692 seimus
1106 647 1307 714 quorumque
1328 627 1480 694 memoria

307 733 442 820 Didymi
470 733 533 799 nisi
567 755 705 821 operosa
735 733 906 798 sedulitate
936 731 979 798 sd
1009 740 1120 800 nostra
1149 740 1297 822 tempora
1324 753 1391 801 uon
1411 755 1480 824 per·

307 841 405 906 uenit.
451 841 506 928 qui
535 847 660 908 restant
690 840 932 928 paucissimi⁴⁰)
964 861 1107 924 numero,
1139 839 1269 908 Sextius
1309 841 1421 930 Niger,
1437 843 1479 931 41)

306 947 478 1033 Diodotus,
494 948 676 1034 Petronius,
692 948 953 1034 Dioscoridss⁴²)
977 953 1010 1015 et
1024 947 1281 1036 Menestheus⁴³)
1305 969 1323 1015 e
1339 951 1480 1034 medicis,

307 1057 351 1120 ex
383 1058 603 1142 grammaticis
637 1057 750 1123 unicus
783 1056 999 1142 Irenaeus,⁴⁴)
1040 1077 1113 1122 oum
1148 1059 1276 1124 saeculo
1313 1058 1479 1144 Augusteo

307 1162 460 1247 uixerint,
496 1169 564 1228 tam
597 1185 699 1251 prope
733 1161 882 1228 Erotisni
914 1167 1056 1228 aetatem
1099 1163 1273 1249 attingunt,
1305 1169 1344 1230 ut
1372 1185 1480 1230 eorum

308 1271 428 1356 scripta
451 1271 594 1356 perbene
616 1273 687 1359 ipse
709 1269 867 1357 inspicere
891 1273 988 1356 etque
1011 1269 1181 1356 Didymeis
1203 1270 1304 1358 copiis
1338 1272 1480 1340 intexere

307 1377 460 1462 potierit.
518 1384 588 1444 tum
625 1379 667 1453 ed
700 1377 878 1464 Didymum
914 1397 974 1442 nos
1007 1382 1163 1442 reuocant
1197 1384 1325 1466 poetae,
1361 1383 1417 1468 qui
1448 1383 1480 1448 in

307 1481 457 1550 Erotisni
479 1485 584 1551 lonico
607 1485 820 1570 adlegantur3
852 1482 880 1550 si
914 1483 1044 1571 quidem
1075 1484 1157 1550 nulh'
1184 1485 1241 1550 alii
1278 1491 1354 1550 sunt
1386 1507 1480 1573 quem

308 1590 423 1678 quibus
447 1592 648 1679 explicandis
670 1591 831 1679 Didymus
854 1610 988 1692 operam
1009 1591 1110 1658 dedit.
1156 1590 1241 1658 adde
1265 1593 1352 1680 quod
1370 1615 1478 1660 recon-

307 1698 430 1791 ditioris
460 1700 546 1768 iilius
562 1701 813 1788 multiplicisque
847 1699 1010 1766 doctrines
1033 1699 1183 1785 uestigia,
1217 1721 1282 1787 qua
1303 1700 1478 1788 Didymum

308 1808 554 1875 memorabilem
577 1809 681 1874 fuisse
703 1809 795 1874 testis
829 1813 879 1874 est
911 1807 1103 1874 Ammianus
1138 1807 1345 1875 Marcellinus
1379 1807 1479 1874 XXII

311 1921 363 1997 16,
391 1922 442 1999 16,
466 1916 565 1981 etiem
587 1937 672 1982 nune
706 1916 741 1980 in
771 1917 878 1982 lacero
911 1914 1059 1980 Drotiani
1092 1915 1250 1999 glossario
1286 1921 1478 2002 conparent3

306 2020 397 2086 ouius
418 2021 466 2087 rei
487 2023 652 2089 luculenta
675 2024 826 2108 exempla
848 2021 971 2088 habeas
993 2022 1053 2088 hos
1075 2016 1164 2088 loeo's
1183 2024 1289 2110 dpssqv
1310 2044 1342 2109 p.
1368 2029 1477 2102 62,10

307 2151 371 2218 sq.;
406 2129 582 2215 ἀμφιδέξιος
604 2151 637 2217 p.
662 2136 703 2196 43
727 2138 767 2214 33
786 2129 949 2220 ‘uappdptp
980 2151 1013 2217 p.
1038 2135 1096 2214 853
1124 2137 1212 2197 θεῖον
1243 2131 1359 2216 fragm.
1378 2129 1477 2215 XV13

307 2238 447 2326 κοχώνην
468 2237 585 2323 fragm.
608 2237 713 2305 LXV.

397 2343 465 2411 Sed
486 2351 611 2416 restant
633 2345 784 2431 mitiora
796 2345 897 2412 etuix
913 2343 1120 2430 infringenda
1140 2350 1342 2430 argumenta,
1367 2345 1478 2434 quibus

223 2445 231 2458 ‘
307 2451 486 2539 Didymum
508 2453 675 2540 inprimis
697 2452 741 2518 eb
763 2451 920 2518 Erotiano
943 2452 982 2516 in
993 2451 1096 2516 lexico
1110 2450 1277 2518 condendo
1303 2452 1477 2518 adhibitum

308 2578 380 2624 esse
403 2559 579 2626 etuneatur.
1068 2630 1075 2638 „

398 2665 573 2732 Erotianus
604 2687 637 2752 p.
677 2673 730 2750 47,
750 2674 786 2729 11
821 2665 885 2730 ait:
927 2665 1071 2750 dpyspoo·
1107 2665 1210 2744 πάθος
1244 2693 1274 2731 τι
1310 2668 1379 2750 περὶ
1412 2665 1477 2743 τούς

309 2773 497 2860 δφθαλμοῦς
519 2778 776 2855 λευκωματῶδες·
808 2773 826 2839 d
854 2773 897 2860 dp*
925 2778 959 2840 ἐκ
986 2781 1042 2860 τῆς
1066 2765 1275 2859 παρεπομένης
1300 2773 1476 2860 λευκότητος

307 2879 493 2966 ὠνομάσθη.
504 2917 546 2928 -
554 2879 648 2946 Haeo
663 2876 827 2966 Didymae
838 2899 911 2945 esse
924 2878 1067 2946 ostendit
1080 2877 1270 2946 Eustathius
1283 2885 1421 2966 p.1430,
1433 2886 1470 2943 61

311 3037 315 3046 '
377 3057 422 3128 40)
441 3061 563 3112 Nondum
575 3063 603 3113 in
616 3075 720 3111 censum
738 3060 830 3128 uenire
843 3063 952 3123 possunt
963 3059 1117 3124 Apollonius
1132 3055 1203 3126 Θήρ,
1217 3060 1372 3124 Apollonius
1381 3055 1473 3125 Ὄφις,

307 3149 462 3216 Apollonius
486 3149 579 3214 senior,
603 3149 736 3200 Aselation
761 3147 802 3216 (cf.
821 3147 912 3213 Lydus
938 3147 971 3196 de
995 3147 1101 3197 ostentis
1120 3163 1142 3199 c,
1162 3149 1185 3212 2,
1206 3149 1252 3198 ubi
1280 3149 1474 3197 Ascletarionem

306 3239 443 3290 suffectum
461 3239 512 3289 init
531 3239 674 3292 OBHesius
699 3239 765 3291 conl.
791 3237 898 3289 Sueten.
923 3237 1064 3290 Domitian.
1083 3253 1105 3289 c.
1126 3235 1177 3303 15),
1196 3237 1339 3302 Hipponax
1357 3250 1474 3302 gramma·

307 3330 382 3401 tiens,
401 3327 564 3381 Philocrates
583 3329 686 3382 Samius
707 3333 733 3378 et
752 3327 904 3378 Philonides
917 3327 1029 3390 Siculus,
1043 3326 1106 3392 quis
1125 3332 1197 3378 setes
1216 3341 1305 3378 eorum
1323 3329 1419 3376 ineerta
1430 3327 1474 3372 est

380 3416 426 3486 41)
447 3418 553 3472 Sextius
571 3419 658 3484 Niger,
677 3419 721 3484 qui
742 3419 809 3485 περὶ
829 3413 899 3479 ὕλης
916 3415 1027 3480 scripsit,
1042 3416 1163 3480 -Augnsto
1174 3417 1320 3481 imperante
1337 3416 1428 3468 floruit.
1445 3411 1474 3461 ci.

308 3505 407 3561 Seneca
434 3509 594 3574 ep.98,13‚
617 3506 751 3558 Plutarch,
775 3507 808 3556 de
838 3505 903 3570 proi.
933 3504 961 3552 in
988 3504 1047 3556 uirt.
1072 3519 1094 3554 c
1119 3504 1181 3569 dp.
1195 3506 1226 3554 77
1241 3506 1273 3568 D,
1293 3503 1387 3556 Odshn
1411 3503 1473 3554 iiber

307 3596 378 3646 rdm.
400 3597 634 3661 encyclopoedten
652 3597 680 3646 in
698 3597 751 3648 ber.
771 3596 796 3647 d.
816 3595 898 3646 siiehs.
916 3610 970 3660 ges.
990 3594 1014 3646 d.
1034 3595 1099 3646 wiss.
1118 3593 1146 3642 11
1167 3595 1218 3644 277
1232 3610 1271 3660 sq.

378 3686 425 3749 42)
444 3683 607 3737 Dioscorides
630 3685 797 3736 Anazarbeus
815 3688 875 3732 ente
895 3698 918 3732 a.
940 3683 971 3733 77
992 3699 1018 3748 p.
1038 3683 1085 3736 Ch.
1105 3683 1214 3750 scripsit,
1235 3684 1298 3749 quis
1317 3700 1382 3750 opus
1405 3697 1472 3735 suun

308 3763 439 3840 inscripsit
456 3777 533 3827 Ateio
552 3777 663 3840 cuidam,
683 3774 771 3826 clienti
789 3773 896 3824 Lecsnii
918 3771 1001 3822 Bassi.
1027 3774 1050 3822 is
1068 3784 1138 3833 uero,
1158 3772 1204 3838 qui
1223 3771 1313 3824 consul
1333 3789 1357 3824 a.
1377 3775 1409 3824 63
1424 3773 1473 3822 erat

308 3862 444 3926 (Murstori
469 3865 528 3927 ³05,
544 3867 561 3915 3
579 3865 641 3917 Teo.
667 3879 728 3915 sun.
753 3863 802 3912 XV
821 3861 876 3927 ³3),
897 3875 967 3910 anuo
994 3861 1026 3910 77
1051 3865 1167 3912 mortuas
1191 3865 1239 3912 est.
1258 3862 1290 3914 ci.
1318 3859 1391 3914 Pliu
1405 3877 1430 3912 n.
1450 3857 1472 3909 h.

308 3951 396 4002 xxvi
416 3955 439 4015 1,
454 3951 469 4002 ὁ
489 3951 613 4018 Sprsngel
631 3953 666 4002 sd
684 3953 800 4004 Dioscor.
818 3967 844 4016 p.
860 3950 909 4004 IX.

379 4038 423 4108 43)
444 4043 484 4092 De
501 4041 644 4092 Menesthei
663 4043 748 4090 aetate
765 4040 826 4090 uide
844 4039 985 4106 prolegom.
1004 4055 1030 4104 p.
1049 4039 1109 4090 XII.

379 4129 425 4196 44)
444 4131 566 4182 Irenscus
591 4128 727 4182 Heliodori
753 4129 852 4180 medici
876 4129 1020 4196 discipulus
1043 4143 1103 4180 oum
1122 4133 1196 4194 esset,
1217 4129 1260 4196 qui
1289 4131 1351 4178 ante
1370 4122 1471 4196 angusti

308 4223 426 4286 tempora
443 4220 493 4270 fuit
513 4219 555 4287 (oi.
574 4219 732 4270 Ritsehelius
752 4217 806 4268 ind.
826 4219 884 4272 lect.
903 4219 959 4271 hib.
978 4219 1051 4272 unic.
1070 4219 1151 4270 Bonn.
1175 4215 1289 4285 1840141
1308 4233 1335 4282 p.
1353 4216 1409 4284 IX),
1427 4216 1470 4266 Au·

309 4313 401 4377 gustso
418 4308 522 4359 saeculo
540 4307 717 4372 adsignsndcs
735 4313 781 4358 cst.
1316 4294 1327 4310 ⁹
