3162 4816
823 268 905 321 xus-1

277 465 308 532 ei
339 484 420 551 opus
450 463 549 530 fuisse
570 465 672 549 patet.
715 461 773 528 sed
794 467 832 528 ut
856 465 1037 540 reuertatrr
1057 461 1160 531 oratio
1183 459 1276 528 unda
1305 459 1450 543 deflexit,

276 569 423 638 Erotiani
450 570 578 640 lexicon
602 587 721 636 uocum
742 567 1049 655 Hippocratioarum
1068 567 1145 634 licet
1163 567 1267 654 primo
1294 567 1452 654 adspectu
1541 579 1545 591 ·

274 677 551 764 planeintegrum
572 697 644 742 esse
659 675 818 758 uideatur,
834 679 942 742 tamon
961 695 1092 762 prorsus
1115 674 1180 740 alio
1199 695 1297 761 quarn
1306 675 1349 740 ab
1369 674 1451 740 Hro-

273 785 580 872 tianopublicatum
600 783 786 866 sitarciae,
804 781 996 869 quinetiam
1013 781 1180 848 confusum
1198 782 1451 868 mutilatimque

277 893 321 960 ad
335 899 480 960 nostram
502 897 645 958 aetatem
659 890 903 987 peruenisselex
925 888 1034 956 multis
1050 891 1249 974 argumentis
1272 890 1393 956 elucet:
1416 889 1452 954 id

277 999 365 1086 quod
385 1000 508 1086 primus
531 998 639 1066 docuit
659 997 802 1062 medicus
814 996 965 1084 idemque
980 996 1166 1083 philologus
1188 997 1278 1064 haud
1298 996 1452 1084 ignobilis

276 1105 440 1172 Adrianus
467 1105 616 1192 Heringa
638 1105 902 1172 obseruationum
924 1104 1106 1171 criticorum
1131 1126 1163 1194 p.
1196 1111 1287 1191 3sq.
1325 1103 1454 1192 profici·

278 1213 432 1278 scendum
454 1213 548 1278 nobis
572 1218 622 1278 est
645 1211 686 1276 ab
709 1211 809 1298 ipsius
827 1210 976 1276 Erotiani
1007 1212 1125 1284 uerbis.
1172 1212 1338 1280 recensitis
1366 1211 1453 1278 onim

149 1323 156 1336 '
278 1321 377 1388 uariis
391 1321 555 1392 uariorum
570 1319 726 1386 obscuras
742 1317 952 1404 Hippocratis
970 1339 1067 1385 uoces
1080 1319 1265 1407 explicandi
1284 1319 1452 1388 conatibus

278 1448 318 1496 ac
339 1425 444 1492 modis
467 1447 522 1490 eos
544 1425 579 1490 in
599 1424 711 1512 primis
736 1423 878 1508 damnat,
903 1423 958 1512 qui
985 1427 1145 1494 uocabula
1168 1428 1346 1496 seeundum
1367 1429 1453 1494 litte·

278 1557 389 1614 rarum,
409 1533 554 1602 ordinem
575 1530 779 1620 interpretati
800 1535 901 1614 erant,
924 1530 1074 1618 Hpielem
1107 1533 1178 1601 dieo
1206 1540 1239 1602 et
1273 1535 1454 1602 Glauciam.

278 1664 414 1730 quorum
436 1643 537 1728 prior,
557 1645 595 1706 ut
616 1639 784 1724 Heringae
810 1637 919 1704 uerbis
939 1643 1022 1722 utar,
1048 1639 1202 1708 breuitati
1224 1642 1357 1709 studens
1387 1663 1455 1708 non

279 1750 493 1824 adnotauerat
526 1749 598 1814 loca
631 1747 686 1814 uel
716 1746 815 1812 libros
849 1745 1070 1832 Hippocratis,
1101 1747 1187 1812 undo
1221 1749 1346 1833 glossas
1380 1770 1455 1816 suas

280 1857 513 1945 desumpserat,
543 1855 630 1942 quod
650 1853 833 1920 molestiam
851 1853 984 1918 creabat
998 1853 1119 1921 lectori.
1167 1853 1322 1922 Glauciae
1346 1863 1457 1924 autem

279 1967 410 2052 scriptio
433 1986 506 2030 cum
526 1964 647 2050 ubique
669 1961 747 2027 locis
770 1960 981 2046 Hippocratis
1004 1961 1147 2028 studiose
1166 1963 1330 2033 adnotatis
1353 1966 1456 2032 nimia

278 2072 535 2138 testimoniorum
571 2070 657 2136 mole
689 2089 753 2156 qua
783 2067 948 2132 laboraret
978 2068 1087 2136 taedio
1115 2069 1253 2137 lectores
1289 2071 1454 2158 adficeret,

278 2179 453 2248 Hrotianus
468 2179 508 2260 dc
530 2200 566 2244 se
590 2197 713 2264 suaque
734 2175 860 2242 rationo
879 2173 988 2240 subdit
1010 2174 1110 2242 haece
1126 2178 1172 2262 (p.
1197 2183 1250 2258 35,
1267 2179 1321 2264 Ι7);
1348 2179 1456 2269 διόπερ

279 2287 369 2374 ἡμεῖς
392 2287 466 2354 καθ’
483 2285 615 2372 ἑκάστην
633 2285 755 2372 γραφήν
768 2281 960 2366 ἐκλεξάμενοι
982 2283 1036 2361 τὰς
1050 2283 1338 2368 καταγεγραμμένας
1362 2288 1457 2368 λέξεις

281 2394 333 2460 dcci
352 2393 410 2476 μὲν
425 2401 481 2458 τοῦ
501 2391 735 2476 συγγράμματος
749 2390 941 2478 δηλώσομεν,
959 2388 1035 2456 ὅπου
1059 2390 1119 2477 (sic
1134 2391 1272 2460 coniecit
1291 2392 1458 2481 Heringt23

254 2497 258 2514 ’
281 2501 383 2580 ducias
406 2499 490 2584 libri,
512 2498 650 2566 fortasse
669 2497 875 2564 scribendum
890 2495 966 2564 ὅπου
982 2497 1086 2584 αὐτοὶ)
1112 2496 1294 2586 τυγχάνουσι
1320 2503 1459 2584 κείμεναι

283 2613 317 2676 ἐν
349 2607 434 2686 ὅσαις
464 2633 498 2675 τε
533 2607 651 2691 βίβλοις
685 2606 875 2688 ἱστοροῦνται
906 2603 938 2670 αἱ
970 2604 1015 2690 μή
1048 2604 1211 2692 συνήθεις·
1242 2607 1294 2674 διὰ
1325 2608 1362 2674 δὲ
1398 2615 1459 2694 τῆς

284 2715 484 2796 ἑξαπλοίσεως
511 2713 721 2799 ἕμφανίσομεν
742 2710 823 2778 πόσα
847 2710 1029 2798 σημαίνουσι
1059 2712 1298 2800 μιμνησκόμεναι
1320 2715 1460 2782 καὶτῶν

280 2822 363 2901 dno}
386 2819 554 2908 εἰρημένον
576 2828 641 2887 κτλ.
679 2817 745 2887 iam
771 2817 870 2904 igitur
891 2817 1076 2904 llrotianus,
1099 2823 1136 2886 ut
1160 2819 1268 2907 ipsum
1291 2842 1459 2908 exponen·

284 2936 351 3000 tem
381 2927 543 3010 audiuisti,
569 2945 636 2991 non
665 2925 845 2991 litterarum
880 2925 938 2990 sed
963 2923 1118 2992 librorum
1150 2925 1460 3016 Hippocratioorum

283 3037 429 3106 ordinem
455 3040 590 3122 secutus
624 3051 721 3098 uoces
755 3031 1003 3120 uniuscuiusque
1032 3033 1106 3100 libri
1141 3037 1304 3124 explicare
1334 3038 1461 3106 studuit

282 3165 321 3214 eo
346 3144 457 3212 ordine
480 3163 543 3230 quo
557 3142 593 3206 in
613 3139 815 3228 Hippocrate
842 3161 913 3208 sese
928 3141 1068 3208 inuicem
1088 3144 1303 3230 excipiebant.
1339 3146 1459 3232 glossis

283 3273 361 3320 uero
384 3250 459 3319 libri
480 3249 609 3321 titulum
632 3246 784 3334 praefixit
805 3267 823 3312 e
848 3268 910 3333 quo
933 3249 1056 3334 petitae
1087 3257 1189 3336 erant,
1223 3258 1261 3320 ut
1290 3253 1461 3339 exipsius

283 3357 392 3426 uerbis
414 3378 447 3446 p.
484 3362 538 3440 36,
568 3363 610 3420 22
645 3354 853 3434 manifestum
890 3355 940 3422 fit:
975 3357 1080 3425 λοιιιὸν
1109 3361 1280 3444 abacistae
1314 3361 1376 3427 αἰιὸ
1400 3368 1460 3424 τοῦ

283 3473 520 3552 ascomannos.
546 3463 581 3530 in
595 3463 711 3547 lexico,
729 3462 936 3550 quantumuis
957 3461 1054 3532 hodie
1076 3467 1168 3534 uelut
1183 3467 1299 3534 Galeri
1319 3467 1460 3534 aliorum

285 3573 406 3662 scripta
427 3572 546 3640 similia
584 3571 789 3660 alphabetico
832 3570 944 3638 ordine
973 3571 1009 3636 in
1041 3573 1205 3646 codicibus
1239 3581 1461 3664 propagatum

284 3682 336 3768 sit,
366 3681 467 3751 nihilo
490 3685 599 3746 tamen
630 3680 731 3747 setius
766 3684 879 3748 extant
913 3685 962 3748 tot
992 3686 1123 3768 tamque
1150 3683 1265 3768 grauia
1294 3683 1459 3768 genuinae

284 3788 514 3876 conpositionis
537 3789 676 3873 uestigia
698 3809 771 3854 cum
793 3787 905 3873 sagaci
926 3787 1093 3875 Heringae
1118 3790 1345 3864 obseruatione
1373 3790 1458 3856 adeo

284 3897 527 3980 consentientia,
545 3902 582 3961 ut
605 3896 703 3962 dubia
727 3917 766 3961 ea
787 3896 975 3983 neutiquam
997 3917 1068 3983 esse
1087 3899 1198 3984 possit.
1223 3918 1306 3986 quae
1331 3903 1457 3982 cuncta,

280 4007 343 4072 nisi
356 4027 451 4093 quem
474 4004 570 4069 modo
586 4001 838 4088 significauimus
855 4002 1000 4069 ordinem
1014 4005 1056 4070 ab
1072 4003 1228 4071 Erotiano
1247 4006 1461 4074 obseruatum

203 4186 208 4194 ,
282 4135 354 4180 esse
385 4111 613 4198 adsumpseris,
638 4109 768 4174 omnino
802 4105 949 4196 intellegi
971 4118 1145 4196 nequeunt.
1188 4113 1240 4178 fao
1273 4113 1457 4180 enimcum

283 4221 515 4288 uocabulorum
543 4218 761 4305 expositiones
788 4217 964 4282 secundum
991 4219 1158 4304 alphabeti
1188 4221 1302 4288 scriem
1330 4223 1457 4288 ordina-
