3162 4816
849 281 899 335 Π
959 303 962 308 ,

290 477 313 538 t.
321 472 344 537 Ἰ
358 493 391 560 p.
408 481 484 540 518.
529 472 616 560 quod
631 494 708 540 uero
728 474 850 540 scholia
869 493 935 540 non
950 472 1171 542 emendatiora
1193 463 1296 539 solnm
1320 479 1416 560 quam
1441 493 1462 536 a

289 579 524 666 Darembergio
547 582 668 648 iactmn
690 586 739 648 est
762 581 819 647 sed
840 582 939 648 etiam
961 581 1106 648 auctiora
1130 577 1225 648 edere
1253 579 1333 645 mihi
1361 579 1467 663 licuit

291 687 394 754 debeo
409 689 621 757 Zachariae
642 690 848 774 Ermerins,
858 691 1039 756 medicinae
1054 691 1088 756 in
1096 689 1306 755 sminersitate
1326 685 1465 752 (ironin-

291 797 384 881 gensi
398 797 582 882 professori.
627 799 655 864 is
678 799 763 864 enim
783 789 963 882 schedulas,
983 799 1019 863 in
1042 799 1158 885 quibus
1175 796 1317 863 Oobecus
1340 794 1465 860 scholia

292 925 311 970 e
332 903 498 970 Vaticanis
523 904 685 972 codicibus
707 906 741 970 in
763 905 831 972 eius
855 927 949 970 nsum
972 904 1218 990 diligentissime
1241 901 1467 988 descripserat,

290 1010 484 1077 liberalitate
509 1019 542 1078 ct
565 1014 716 1079 comitate
739 1032 870 1098 prorsus
893 1011 1027 1076 amabili
1051 1031 1179 1078 mecum
1203 1007 1465 1076 communicarit.

292 1137 355 1206 quo
380 1116 510 1186 demum
532 1121 653 1186 iactum
683 1126 743 1204 est,
767 1125 803 1186 ul
825 1119 903 1206 quid
925 1120 960 1184 in
989 1119 1081 1186 libris
1113 1119 1268 1207 scriptum
1298 1117 1377 1206 quid
1399 1137 1467 1186 non

291 1227 334 1294 sit
355 1226 433 1292 satis
457 1233 543 1293 cerlo
568 1227 734 1314 adpareat.

383 1333 449 1402 Sed
472 1337 569 1404 redeo
593 1336 636 1401 ad
658 1335 795 1423 lexicon,
830 1333 917 1422 quod
946 1333 1042 1402 hodie
1073 1335 1224 1401 Erotiani
1253 1353 1373 1399 nomen
1404 1332 1469 1399 fert

293 1441 397 1529 deque
427 1463 490 1530 quo
526 1461 592 1510 non
628 1444 718 1509 nulla
747 1449 871 1509 restant
904 1441 1051 1509 dicenda.
1098 1443 1176 1509 ordo
1207 1443 1302 1524 enim,
1336 1461 1401 1529 qno
1433 1444 1468 1507 in

292 1553 428 1618 uocibus
462 1551 662 1638 exponendis
698 1550 842 1636 singulos
870 1549 1081 1637 Hippocratis
1112 1551 1211 1616 libros
1242 1571 1276 1615 sc
1316 1549 1470 1636 deinceps

293 1661 442 1747 excipere
472 1658 611 1724 uoluerit
644 1657 828 1742 Erotianus,
860 1680 902 1724 ex
924 1659 1090 1744 prooemio
1121 1659 1190 1724 eius
1221 1658 1299 1723 satis
1328 1663 1467 1722 constat.

293 1787 399 1852 neque
439 1765 513 1832 ideo
551 1771 635 1830 esset
668 1787 724 1830 our
761 1765 800 1831 de
832 1765 894 1830 hac
928 1787 962 1830 re
996 1768 1149 1832 lectorem
1178 1785 1468 1847 commoneremus,

293 1873 356 1940 nisi
377 1871 525 1958 Heringe
547 1873 568 1938 l.
594 1894 620 1938 o.
640 1895 672 1960 p.
699 1881 717 1938 9
742 1873 958 1940 contendisset
988 1875 1180 1940 ErotIanum
1213 1879 1279 1940 non
1312 1873 1469 1938 adcurate

293 1980 385 2050 illum
419 1980 574 2065 ordinem,
604 2001 699 2067 quem
732 1981 767 2046 in
795 1979 997 2068 praefatione
1032 1981 1290 2068 significauisset‚
1321 1985 1469 2047 secutum

295 2109 366 2157 esse
389 2087 447 2156 sed
468 2089 515 2154 ila
536 2089 604 2154 fere
624 2088 723 2154 libros
747 2090 972 2177 explicauisse,
988 2096 1026 2156 ut
1040 2090 1102 2157 hac
1118 2111 1152 2156 se
1168 2090 1250 2156 serie
1266 2089 1469 2176 exciperent:

297 2195 534 2284 προγνωστικὸν,
557 2195 757 2284 πραῤῥητικᾶν
788 2204 815 2266 α’
834 2202 872 2288 ᾖ,
904 2201 972 2286 περὶ
1000 2203 1121 2285 χυμῶν,
1156 2199 1316 2286 ἐπιδημίαν
1344 2201 1369 2278 ζ,
1400 2200 1471 2282 περὶ

294 2306 402 2393 φύσιος
431 2304 609 2392 ἀνθρώπου,
641 2305 818 2392 οἶφορισμοί,
850 2311 917 2392 περὶ
951 2308 1060 2393 φύσιος
1092 2308 1226 2386 παιδίου,
1259 2311 1328 2391 περὶ
1362 2304 1471 2372 τόπων

296 2415 345 2480 καὶ
377 2411 476 2497 αἱρῶν,
509 2415 588 2497 περὶι
608 2420 726 2496 φυσῶν,
761 2415 830 2498 περὶ
861 2413 944 2500 ἱερῆς
977 2412 1099 2492 νούσου,
1130 2416 1196 2498 περὶ
1231 2412 1369 2478 aldrov.
1429 2415 1472 2490 εἰς

296 2521 438 2586 denium:
462 2522 530 2605 περὶ
549 2518 653 2586 τόπων
676 2527 740 2585 τῶν
762 2522 841 2585 κατὰ
866 2519 1043 2606 ἄνθρωπον,
1067 2522 1136 2606 περὶ
1158 2521 1293 2606 οἷρχαίης
1317 2522 1472 2607 impertio,

297 2631 365 2715 scol
388 2627 512 2714 τέχνης,
536 2627 614 2693 κατα
637 2629 782 2715 ipocrite,
809 2628 961 2713 μοχλικός,
996 2631 1064 2712 riser*
1097 2627 1203 2714 ἑλκῶν,
1239 2629 1306 2710 περὶ
1341 2635 1405 2694 τῶν
1440 2633 1472 2695 ἐν

297 2743 419 2826 κεφαλῇ
453 2735 647 2818 τραυμάτων,
682 2736 751 2820 περὶ
781 2734 900 2818 υἷγμοῗν,
934 2737 1001 2820 περὶ
1032 2735 1171 2821 ἄρθρων,
1210 2737 1279 2822 περὶ
1313 2735 1472 2822 πτισάνης,

297 2846 365 2928 περὶ
399 2841 533 2928 α’φόρων,
567 2843 636 2924 περὶ
664 2841 781 2906 νούσων
803 2849 833 2907 α’
858 2847 896 2928 B,
927 2845 1105 2926 γυναικείων
1127 2851 1155 2909 οἵ
1186 2843 1216 2929 β,
1247 2841 1472 2930 πρεσβευτικός,

297 2950 469 3036 ἐπιβιιίμως.
523 2950 581 3016 sed
605 2949 896 3036 Haringafatetur
921 2951 1049 3038 ipsese
1079 2951 1180 3036 libris,
1216 2949 1271 3040 qui
1299 2953 1471 3036 praeterea

298 3061 339 3126 ab
371 3057 528 3124 Erotiano
568 3057 603 3124 in
635 3056 802 3144 prooemio
833 3063 1040 3124 recensentur
1048 3079 1059 3122 τ
1093 3059 1163 3144 περὶ
1198 3057 1382 3143 τραυμάτων
1419 3059 1471 3123 καὶ

298 3172 408 3250 pollio,
432 3165 500 3246 περὶ
524 3164 727 3251 αἷμοῤῥοῖδων
749 3166 799 3230 καί
830 3167 990 3250 συρίγγων,
1011 3169 1080 3247 περὶ
1110 3173 1239 3254 τροφῆς,
1263 3163 1358 3247 ὅρκος,
1379 3163 1472 3246 νόμος

298 3276 404 3339 locum
420 3272 594 3358 adsignare
601 3271 675 3364 'non
691 3269 810 3338 aud'e're
825 3291 886 3338 nee
908 3293 1013 3360 posse.
1050 3273 1085 3337 in
1100 3274 1205 3339 lexico
1229 3278 1349 3356 antem,
1373 3273 1471 3359 quale

298 3384 332 3447 in
356 3379 523 3447 codicibus·
542 3379 696 3446 nadimm
720 3385 778 3464 est,
801 3369 926 3446 nullum
951 3399 1087 3468 nsquam
1118 3380 1272 3446 indicium
1296 3384 1398 3463 extat,
1428 3401 1471 3444 ex

298 3505 361 3578 quo
376 3475 873 3578 quam-Heringareooncinnare
888 3489 991 3555 uoluit
1008 3489 1162 3555 librorum
1180 3489 1297 3554 seriem
1314 3507 1471 3572 recogno·

298 3618 386 3664 scere
406 3598 576 3685 possimus.
622 3598 720 3664 immo
732 3619 822 3682 uero,
834 3605 871 3664 ut
885 3598 987 3664 uerba
1002 3618 1085 3685 quae
1101 3596 1339 3684 praefationem
1355 3595 1479 3660 finiunt

300 3705 404 3770 λοιπὸν
427 3705 604 3788 ἀρξώμεθα
620 3706 680 3770 clud
702 3711 928 3789 σρογνωστικοῦ
946 3705 1076 3772 abunde
1092 3704 1324 3788 demonstrant,
1343 3701 1471 3769 Erolia·

300 3828 360 3877 σου
377 3811 516 3878 eundem
532 3832 626 3898 quem
649 3813 685 3876 in'
708 3812 964 3880 dinumeratione
986 3813 1142 3884 librorum
1155 3791 1302 3879 exhibdit
1325 3811 1471 3880 ordinem

300 3910 333 4012 in
355 3913 604 4010 interpretandis
624 3942 751 4007 qnoque
775 3921 942 3990 uocabulis
966 3927 1093 3991 secutus
1111 3927 1175 4008 est.

312 4085 316 4096 .
390 4027 562 4098 Difficilior
576 4034 686 4098 restat,
696 4029 852 4117 quaestio,
876 4035 982 4098 unum
998 4029 1153 4096 librorum
1168 4025 1471 4119 Hippocraticorum

302 4133 411 4219 index,
436 4157 531 4223 quam
553 4137 730 4206 secundum
745 4157 853 4206 rerum
875 4137 1059 4224 quaeiniis
1075 4141 1255 4202 emanat
1269 4130 1471 4202 concordiam

303 4247 360 4312 aut
391 4243 584 4348 discordiam
618 4244 810 4338 dispositum
838 4245 874 4317 'in
906 4243 1084 4340 prooemio
1110 4239 1263 4311 exhibuit
1290 4239 1471 4324 Emtianus,
