3162 4816
854 331 907 384 ΧΠ

288 527 406 608 Galen.
429 524 472 607 de
488 525 642 592 antidotis
661 523 680 590 I
698 533 712 593 l
731 522 796 590 uol.
808 520 962 608 XHIIp.‘
977 521 1052 588 2K·
1075 522 1106 608 (ό
1124 522 1264 609 Νέρωνος
1279 521 1465 609 ἄρχιαῒρός),

289 635 340 710 Lo
365 635 464 710 (llere¹
479 633 613 720 histoire
635 632 731 700 dela
753 629 921 698 medecina
942 651 975 716 p.
1000 637 1065 696 585
1088 651 1136 717 sq.
1158 630 1214 716 qui
1235 651 1308 700 cum
1328 627 1465 700 Neronis

288 740 436 822 ‚medune
471 727 570 825 esset,
603 740 679 808 inde
707 738 838 826 plurimi
879 738 1071 806 Erotianum
1109 738 1222 812 huius,
1245 735 1464 810 Andromacbi

292 848 463 934 aequalem
494 848 593 914 luisse
622 847 824 934 Neronisque
856 847 1055 934 temporibus
1078 846 1201 912 uixisse
1230 846 1462 926 concluserunt

289 955 483 1042 intorques
505 955 636 1022 nomino
660 953 837 1022 Baehrium
854 954 889 1020 in
903 953 1015 1030 Erret.
1032 977 1064 1018 c.
1083 952 1217 1028 (imber.
1234 951 1467 1040 encyclopaedie

291 1083 318 1128 e.
334 1083 366 1128 u.
384 1060 559 1129 Erotianus
576 1067 653 1138 sect.
669 1062 697 1128 Ι.
710 1083 744 1152 p.
761 1069 802 1128 37
816 1083 849 1148 p.
867 1070 931 1130 343
953 1068 990 1128 et
1008 1061 1282 1128 Graefenhauium
1300 1059 1466 1148 peaehiette

293 1155 351 1234 der
381 1169 477 1236 blase
503 1168 677 1257 phitolcpie
708 1171 753 1233 im
776 1169 942 1234 altmtbucn
970 1177 993 1236 t.
1016 1170 1071 1236 ΠΙ
1091 1191 1126 1256 p.
1151 1178 1224 1236 178.
1263 1169 1321 1238 ned
1334 1169 1377 1238 ‚hi
1399 1190 1465 1236 rem

292 1275 389 1357 nimis
420 1283 616 1366 prosseumt.
668 1281 728 1342 ‘an
763 1277 850 1344 enim
878 1277 1123 1366 Epaphroditum
1155 1276 1270 1350 eodem
1303 1276 1370 1343 ictu
1395 1295 1466 1342 oum

294 1381 424 1450 Nerone
446 1383 712 1454 Andromachum
734 1386 864 1452 sustulit
894 1406 954 1454 nec
984 1385 1027 1450 ad
1059 1405 1133 1450 eum
1166 1383 1373 1470 superstitem
1395 1387 1467 1470 post

294 1491 524 1578 interemptum
547 1491 726 1579 principem
752 1491 926 1560 Erotianus
948 1491 1087 1558 scribere
1112 1490 1253 1578 potuiti’
1296 1492 1412 1558 mirum
1433 1491 1467 1556 ni

272 1600 402 1686 ,poluit
423 1619 529 1684 neque
550 1620 570 1663 a
593 1598 718 1666 ratione
741 1606 877 1666 natiuae
900 1599 1062 1666 humanae
1085 1604 1135 1664 est
1161 1598 1318 1667 absonum
1340 1597 1468 1664 Andro·

295 1707 447 1774 maehum
459 1705 675 1793 quadraginta
690 1707 744 1772 nel
756 1706 991 1794 quinquaginta
1003 1727 1117 1789 annos,
1126 1725 1200 1774 cnm
1210 1705 1298 1775 Nero
1309 1704 1349 1770 de
1361 1703 1468 1770 medio

295 1813 442 1883 sublatus
473 1813 525 1895 sit,
562 1818 712 1896 agentern
745 1813 869 1898 aliquot
898 1834 1000 1878 annos
1027 1813 1254 1900 superuixisse.
1309 1812 1367 1880 sed
1397 1816 1470 1878 utut

296 1927 355 2004 est,
376 1919 450 1984 huic
478 1918 706 1984 Andromacho
731 1919 875 1986 libellum
900 1919 1066 1989 dedicasse
1088 1918 1472 1989 Erotianum‘adsumore

296 2027 390 2112 graui
415 2027 541 2092 ratione
569 2025 821 2112 prohibebimur,
851 2047 1030 2114 quaecum
1061 2028 1117 2092 illa
1140 2027 1300 2095 sententia
1334 2031 1470 2112 pugnat.

296 2135 416 2202 etenim
436 2133 611 2200 Erotianus
626 2154 652 2198 s.
668 2155 700 2197 u.
716 2133 821 2220 ἄμβην
835 2155 868 2219 p.
886 2141 939 2218 ti,
953 2142 992 2200 14
1008 2133 1233 2200 Menestheum
1252 2133 1472 2200 Stratonicen-

296 2262 376 2326 sem,
393 2241 448 2329 qui
464 2240 639 2326 discipulus
657 2239 833 2307 Stratonici
845 2249 927 2326 erat,
947 2243 1222 2312 commemorauit.
1269 2243 1472 2310 Stratonicus

294 2369 384 2432 ¹nero,
402 2347 517 2417 Sabini
532 2348 757 2434 Hippocratici
772 2348 910 2433 auditor,
931 2371 1004 2416 cnm
1018 2352 1052 2417 in
1063 2355 1310 2436 praeceptorum
1322 2371 1469 2434 numero,

301 2475 436 2542 quorum
460 2455 586 2520 scholas
610 2454 882 2541 frequentauerat,
912 2478 932 2523 a
966 2457 1091 2525 (talene
1126 2458 1166 2524 de
1203 2464 1275 2529 atra
1303 2460 1369 2528 bile
1391 2481 1418 2524 c.
1448 2467 1471 2524 4

297 2563 409 2630 uol.V
431 2585 464 2650 p.
485 2560 602 2628 rro'K.
627 2562 821 2647 nominetur,
835 2572 867 2630 et
883 2564 1025 2632 Galenus
1048 2568 1119 2654 ipse
1142 2589 1226 2634 anno
1243 2568 1374 2634 demum
1396 2573 1475 2655 post

298 2671 374 2738 chr.
397 2692 431 2737 n.
449 2677 510 2738 131
533 2670 567 2737 in
588 2670 694 2734 lucem
716 2670 822 2738 editus
845 2673 895 2755 sit,
919 2673 995 2740 inde
1018 2675 1098 2740 nihil
1130 2677 1202 2763 plus
1233 2677 1475 2763 probabilitatis

295 2779 397 2847 habet
420 2798 518 2865 qnam
539 2776 732 2845 Erotianum
757 2777 888 2844 ineunte
914 2778 1044 2846 demum
1066 2783 1194 2848 saeculo
1217 2784 1392 2853 altercant
1415 2805 1474 2850 ex·
1567 2777 1568 2780 '

296 2886 406 2955 tremis
422 2886 538 2953 saltem
554 2869 647 2950 annii
662 2885 757 2972 primi
779 2887 958 2974 συναγωγήν
978 2889 1087 2967 λέξεων
1102 2891 1337 2977 conscripsisse.
1384 2913 1474 2958 eum·

297 3013 359 3081 que
385 2991 650 3057 Andromachum
676 2998 802 3078 patrem
833 2992 876 3058 ad
906 2993 1083 3060 Traianum
1107 3017 1208 3083 usque
1243 2998 1475 3084 imperatorem

297 3100 399 3166 uitam
423 3097 643 3164 manuduxisee
667 3119 686 3162 a
709 3118 760 3166 me
783 3099 957 3187 impetrare
981 3123 1048 3167 non
1070 3123 1202 3190 possum
1224 3105 1302 3193 quin
1330 3107 1474 3192 credam,

295 3205 413 3274 idcirco
429 3203 578 3277 Erotiani
595 3203 696 3270 uerba
707 3227 773 3272 non
785 3205 825 3272 de
843 3214 936 3293 patre
952 3209 1011 3274 sed
1027 3209 1067 3276 de
1083 3212 1148 3276 filio
1165 3213 1383 3298 intellegenda
1399 3237 1476 3282 esse

294 3319 437 3386 statuere
458 3333 524 3382 non
547 3311 678 3378 dubito:
702 3313 737 3378 id
759 3314 846 3401 quod
861 3314 984 3381 Paulus
1010 3316 1175 3402 Oigalinus
1194 3341 1321 3408 quoque
1336 3323 1414 3389 lecit
1436 3324 1476 3388 in

294 3420 433 3486 lectione
457 3419 559 3484 altera
591 3418 630 3483 de
653 3417 752 3485 Plinii
782 3421 846 3487 fide
877 3429 911 3488 et
937 3425 1138 3509 auctoritate,
1163 3447 1246 3515 qnae
1268 3427 1478 3496 Frontianae

293 3526 393 3594 Plinii
416 3525 566 3592 editionis
581 3531 669 3592 torno
694 3528 834 3595 secundo
857 3530 980 3596 ineerta
997 3537 1055 3616 est,
1071 3553 1104 3619 p.
1122 3533 1269 3600 OXXIX
1284 3557 1330 3624 sq.
1369 3537 1476 3604 nihilo

293 3633 526 3702 tamen‘setius
549 3633 674 3701 mneos
691 3636 822 3722 quidem
837 3658 908 3703 esse
931 3659 997 3704 non
1021 3641 1219 3727 ignoramus,
1242 3645 1297 3732 qui
1321 3627 1413 3725 λέξεις
1428 3643 1479 3712 ad

227 3733 236 3742 ⁸
294 3747 421 3830 patrem
454 3762 521 3808 non
553 3742 596 3808 ad
627 3743 727 3810 filiurn
755 3744 853 3830 dirigi
881 3746 1089 3836 contendant,
1121 3751 1382 3838 quandoquidem
1416 3753 1479 3822 ille

295 3849 455 3936 ἀρχιατρός
479 3851 661 3937 adpellatus
695 3852 746 3936 sit,
782 3853 868 3922 huno
904 3875 1000 3921 nemo
1032 3863 1199 3924 anctorum
1238 3866 1386 3927 ueterum
1424 3861 1479 3927 ita

238 3960 241 3965 '
294 3955 496 4023 uooitauerit.
543 3959 633 4045 atqui
661 3959 717 4045 qui
739 3959 839 4024 filiurn
862 3960 1158 4051 hac-dignitatess)
1182 3966 1375 4032 honoratum
1399 3989 1479 4034 esse

367 4118 412 4184 11)
433 4119 642 4170 Andromachum
659 4119 741 4172 filium
761 4137 865 4204 quoqne
882 4125 994 4176 Neronis
1010 4125 1167 4178 archiatrum
1186 4127 1267 4180 luisse
1283 4129 1481 4182 adseuerarnnr

288 4205 473 4272 thabriclus,
498 4207 626 4276 Sprengol
646 4211 740 4276 potet.
759 4213 811 4262 der
830 4213 949 4266 mediata
970 4215 1013 4266 tte
1037 4215 1099 4266 aut.
1119 4222 1137 4267 t.
1157 4215 1184 4268 11
1197 4232 1223 4281 p.
1244 4218 1286 4280 80,
1306 4219 1480 4273 nokermann

293 4294 470 4348 institutiones
490 4295 550 4350 hist.
571 4297 637 4347 nied.
658 4313 685 4364 p.
699 4299 771 4350 887:
792 4301 861 4366 quod
874 4302 942 4352 unde
956 4303 1120 4368 sumpserint,
1134 4318 1240 4369 prorsus
1260 4321 1312 4356 non
1330 4308 1476 4376 adsequor.
