3162 4816
690 335 756 393 xm

134 535 260 601 scribat
290 535 418 601 tametsi
441 555 537 601 nemo
568 539 628 619 est,
652 553 859 622 nequaquam
891 529 966 598 inde
995 532 1061 598 iam
1084 533 1221 602 efficitur
1243 517 1317 606 eum

28 635 38 656 ⁴
135 641 292 708 archiatri
328 663 460 710 munere
490 643 637 710 iunctum
667 661 733 707 non
768 659 849 708 esse.
905 639 1004 708 immo
1036 661 1113 707 uero
1143 661 1240 729 quem
1272 645 1316 714 ad

139 747 274 815 modum
287 769 392 836 noque
410 750 555 818 Galenus
579 771 599 816 a
620 755 715 837 patre
730 749 832 815 tilium
848 749 1009 836 expressis
1024 749 1134 816 uerbis
1150 748 1320 836 distinguis

139 847 244 945 neque
264 863 401 943 patrem*
424 859 466 924 ab
502 879 541 923 eo
572 856 719 942 intellegi
742 857 895 922 sciremus
922 857 984 922 nisi
1013 857 1042 922 si
1073 877 1147 922 eum
1170 855 1318 924 antidota

137 969 366 1055 conscripsisse
397 968 476 1035 alibi
508 967 654 1050 dixisset,
683 965 731 1031 ita
759 965 907 1031 Erotiani
934 965 1037 1032 uerba
1059 986 1126 1032 non
1148 966 1254 1032 minus
1276 963 1318 1031 de

135 1075 205 1140 filio
230 1097 327 1162 quam
351 1076 392 1142 de
408 1081 502 1163 patre
519 1071 623 1160 accipi
638 1078 770 1161 queunt.
818 1070 895 1158 quid
909 1072 1009 1157 igitur
1032 1073 1182 1160 equidem
1203 1093 1317 1139 nerum

129 1179 209 1248 'esse
231 1203 313 1268 rear,
329 1184 397 1248 iam
413 1204 511 1270 supra
527 1179 718 1268 significaui.
765 1179 823 1248 sed
838 1181 993 1247 hactenus
1014 1180 1056 1248 de
1072 1187 1228 1270 tempore,
1251 1202 1315 1269 quo

132 1289 312 1357 Erotianns
335 1291 420 1356 arixit
442 1291 644 1376 scripsitque.

225 1397 298 1463 Iam
327 1417 407 1465 uero
435 1401 473 1464 ut
503 1396 546 1462 ad
579 1397 699 1486 scripta
732 1393 881 1461 Erotiani
913 1395 1199 1483 transgrediamur,
1229 1395 1321 1464 nnnc'

132 1505 286 1571 manibus
302 1511 449 1572 tenemus
465 1505 593 1588 librum,
608 1503 659 1569 cui
672 1503 863 1589 inscriptum
879 1508 929 1569 est
951 1511 1016 1569 τῶν
1039 1504 1108 1586 παρ’
1129 1503 1315 1587 Ἱπποκράτει

135 1611 247 1689 λέξειαν
278 1612 457 1699 συναγωγάς
492 1631 592 1698 quam
623 1609 827 1696 Galenus,¹²)
860 1609 1057 1698 Photius,¹³)
1096 1609 1315 1699 Etymologici

140 1721 253 1804 magni
275 1719 363 1807 quod
386 1719 502 1786 dicitnr
516 1721 682 1801 anctor¹⁴)
707 1723 739 1784 et
755 1717 930 1803 Gregorius
947 1717 1173 1806 Corinthns¹³)
1197 1739 1239 1784 ex
1261 1738 1318 1784 an-

139 1827 246 1913 tiquis,
269 1833 460 1893 renascente
482 1847 560 1893 uero
584 1825 764 1892 litterarum
793 1825 899 1890 studio
930 1825 1136 1892 Phanorinus
1165 1823 1322 1892 idoneam

135 1931 372 2018 indicauerunt,
398 1933 558 2021 quamde
581 1932 749 1999 uocabulis
772 1933 906 1999 medicis
930 1935 1143 2001 consulerent.
1188 1939 1318 2022 praeter

135 2061 212 2108 cam
241 2043 323 2108 alios
354 2063 481 2129 quoque
514 2041 612 2107 libros
643 2041 817 2106 Erotianus
848 2041 1018 2126 conposuit
1048 2047 1105 2107 aut
1133 2057 1316 2128 conponere

134 2157 224 2216 certe
247 2151 281 2214 in
304 2151 449 2214 animum
471 2147 654 2214 induxerat.
701 2169 841 2233 namque
872 2145 952 2212 dnos
971 2148 1055 2232 illos,
1080 2147 1120 2214 de
1144 2143 1260 2235 q'uibns
1283 2150 1316 2215 in

136 2259 244 2325 lexico
273 2258 424 2346 loquitur,
457 2262 566 2322 'utrum
601 2277 636 2322 re
668 2276 747 2321 uera
781 2255 815 2318 in
849 2255 956 2320 lucem
991 2255 1133 2322 emiserit
1171 2276 1214 2322 an
1248 2276 1315 2321 non

139 2365 289 2450 emiserit,
306 2385 372 2430 non
387 2362 551 2450 proditurus
568 2368 626 2429 est.
661 2360 904 2446 nnnchuidem,
919 2363 980 2428 nisi
996 2363 1030 2428 in
1045 2363 1315 2430 bibliothecarum

139 2472 258 2537 umbris
295 2470 401 2536 adhuc
435 2469 635 2552 delitescant,
667 2489 792 2562 eorum
811 2489 942 2555 prorsus
977 2470 1102 2535 nullum
1136 2488 1235 2560 snper
1266 2475 1317 2537 est

136 2578 323 2664 uestigium.
347 2577 467 2664 scripta
477 2577 573 2659 enim,
590 2579 766 2663 qnae'uere
777 2573 988 2663 Hippocratis
1004 2559 1133 2643 nomine
1150 2577 1322 2645 circumis-⁴

135 2685 301 2771 rebantur,
315 2705 508 2751 enumerans
519 2683 693 2757 Erotianus
710 2683 790 2748 dicit
803 2701 838 2748 se
854 2683 917 2748 alio
932 2685 1004 2750 loco
1022 2684 1316 2752 demonstratumm

135 2805 208 2861 esse
229 2793 420 2881 prorrhstici
439 2793 538 2858 libros
562 2792 702 2878 primurn
719 2795 753 2857 et
774 2789 951 2872 secundum
971 2791 1013 2856 ab
1029 2791 1231 2879 Hippocrate
1248 2815 1315 2859 non

142 2903 308 2992 proiectos
332 2922 412 2985 esse,
430 2904 586 2988 (prooem.
610 2920 642 2985 p.
666 2905 719 2982 36,
746 2901 778 2983 7)
803 2897 1003 2984 reapparente
1025 2901 1115 2968 o'uoi
1136 2901 1175 2988 δ·
1200 2897 1241 2978 άς
1264 2901 1318 2966 οάκ

135 3011 223 3078 ἐστιν
254 3009 467 3092 Ἱπποκράτους
501 3009 533 3072 ἕν
572 3005 674 3084 άλλως
709 3007 858 3084 isigonus.
913 3005 995 3071 alter
1028 3001 1121 3072 locus
1144 3011 1194 3072 est
1228 3007 1316 3093 apud

133 3119 331 3185 Erotianum
353 3137 385 3201 p.
411 3121 465 3197 83,
493 3121 544 3197 12,
567 3112 622 3178 nbi
649 3133 722 3178 cnm
744 3111 979 3199 Hippocratem
1010 3119 1080 3178 tum
1109 3111 1258 3180 Dioclem
1279 3113 1315 3179 in

136 3223 373 3311 significatione
392 3221 544 3286 uocabuli
566 3219 769 3306 κοτυληδόνες
792 3218 992 3285 enucleanda
1015 3241 1137 3288 errasse
1163 3221 1246 3288 alias
1279 3243 1314 3289 sc

135 3337 342 3400 ostensurum
354 3351 424 3396 esse
439 3328 614 3416 promittit:
634 3327 681 3394 ὅτι
698 3329 733 3392 δὲ
746 3333 865 3408 ψεῦδος
880 3328 1143 3415 παραδεδώκασιν,
1159 3329 1314 3417 άλλαχάοε

135 3443 288 3522 δείξομεν.
329 3437 417 3502 unde
439 3435 518 3501 mibi
542 3433 699 3521 adparere
722 3433 852 3500 uidetur
884 3455 958 3499 eum
984 3437 1090 3522 magis
1120 3435 1319 3505 medicinam

135 3565 237 3634 quam
249 3543 494 3630 grammaticam
504 3543 686 3631 professum
700 3563 781 3609 esse.
804 3561 945 3629 namque
958 3543 1001 3608 ad
1012 3544 1095 3610 tales
1110 3545 1315 3632 quaestiones

134 3653 351 3720 intricatiores
373 3654 434 3719 rit‘e
458 3649 688 3738 expediendas,
710 3652 814 3737 qualis
842 3655 891 3716 est
917 3651 1121 3737 προῤῥηακοῦ
1147 3651 1220 3718 libri
1249 3651 1314 3720 duo

134 3768 247 3830 utrum
273 3781 350 3828 uere
373 3757 584 3846 Hippocratis
607 3757 674 3822 sint
693 3777 806 3842 neone,
829 3757 918 3823 hand
939 3760 1093 3846 exiguam
1123 3782 1190 3828 non
1212 3763 1316 3828 solum

135 3869 218 3938 artis
233 3868 379 3934 medicae
394 3887 508 3933 uerum
524 3865 622 3932 etiarn
631 3865 824 3954 scriptorum
831 3865 1137 3955 Hippocraticorum
1147 3866 1315 3937 scientiam

212 4059 256 4129 12)
277 4060 317 4112 cf.
337 4059 429 4114 Galen.
448 4058 517 4124 expl.
537 4071 629 4108 uocum
649 4056 775 4122 Hippocr.
796 4072 816 4106 s.
836 4071 862 4106 u.
884 4050 1042 4126 κάμμορον
1060 4071 1086 4122 p.
1104 4059 1166 4108 490.

212 4149 254 4218 13)
275 4149 386 4200 Photius
395 4147 549 4212 lex.p.211,
564 4147 605 4198 15.
623 4147 683 4210 2³0,
697 4147 740 4208 24,
754 4160 787 4196 ax
798 4161 851 4212 qno
861 4146 917 4196 loco
930 4147 1038 4212 proiecit
1051 4146 1211 4200 Snidust.11
1224 4161 1245 4195 c.
1254 4148 1322 4202 ⁶04.

211 4237 259 4306 14)
279 4239 338 4289 nu.
358 4256 384 4306 p.
403 4241 463 4302 sao,
477 4238 519 4288 aa.
539 4237 599 4300 aaa,
614 4239 655 4287 ro.
676 4237 736 4298 aas,
757 4236 799 4286 rs.
818 4235 878 4298 sae,
893 4235 918 4286 a.
939 4236 997 4302 rao,
1011 4237 1053 4288 es.

212 4325 255 4397 lb)
277 4327 415 4380 Permultis
434 4327 505 4389 locis,
525 4325 609 4386 ueluti
629 4340 654 4393 p.
677 4325 737 4376 666.
757 4324 817 4375 666.
838 4323 890 4376 sat
911 4327 958 4375 etc.
