3162 4816
738 351 741 364 .
799 286 954 362 xxm

291 503 334 554 7-
351 461 494 554 Helyeh.
518 468 537 533 I
561 478 602 538 90
625 472 721 550 αἰών·
747 515 787 527 -
816 518 857 529 -
881 482 961 562 τινὲς
987 485 1026 552 δὲ
1051 493 1116 552 τάν
1145 486 1194 570 (δὲ
1216 489 1285 578 τὸν)
1307 489 1466 575 νεωτέρων

291 562 344 638 τὸν
370 583 512 641 νωτιαῖον
533 573 672 668 [ανελδν]
695 582 868 672 α’πέδωκαν,
896 587 939 667 οἱς
968 589 1179 681 Ἱπποκράτης·
1208 597 1262 662 τὸν
1291 597 1392 665 αἰαλνά
1420 625 1468 678 τις

290 679 423 768 νοσήσας
445 681 608 768 ἑβδομαῖος
631 689 786 759 α’πέθανε.

379 808 412 874 p.
438 795 490 872 54,
513 801 534 858 4
557 793 744 878 α’γάλλεται·
764 805 915 886 Βακχεῖος
938 807 972 874 έν
994 807 1129 899 δευτέρῳ
1145 814 1223 897 φησὶ
1243 811 1394 898 τέρπεται,
1411 815 1469 880 οὐκ

291 891 408 977 ὀρθαῖς.
431 893 497 961 ἔστι
516 898 573 982 γάρ
588 910 698 992 γαυριᾷ
714 912 779 975 κτλ.
793 947 834 960 --
849 909 992 1000 Hesyoh.
1007 913 1027 980 I
1043 923 1083 981 12
1108 917 1288 1002 ἀγάλλεται·
1312 919 1468 1008 τέρπεται,

290 1005 412 1090 γαυριᾷ.

376 1101 416 1196 Ῥ.
438 1116 550 1192 54,16
580 1111 641 1178 άπδ
673 1116 765 1184 τόκον
795 1126 996 1213 νοσημάτων·
1028 1129 1088 1199 dud
1119 1135 1290 1221 γεννήσεως
1319 1163 1405 1224 φησι.
1424 1175 1470 1186 -

830 1232 885 1319 τάς
916 1235 1131 1324 άπογεννήσεις
1164 1247 1228 1308 τῶν
1257 1245 1469 1332 γεννημάτων.

278 1211 437 1300 Ἠοεγολα
461 1214 481 1281 Ι
504 1223 567 1281 261
593 1221 655 1286 α’πὸ
688 1225 795 1294 τόκου·

293 1319 333 1386 cf.
358 1319 515 1388 Schmidt.
540 1323 637 1392 adh.
660 1329 682 1396 l.

380 1448 414 1515 p.
440 1435 531 1514 55,4
553 1433 705 1516 άρβάλαι·
728 1439 929 1533 ὑποδήματος
948 1445 1043 1534 Ιεἶδος.
1058 1491 1099 1507 -
1115 1453 1258 1544 Hesyoh.
1280 1458 1299 1525 I
1322 1467 1384 1525 271
1411 1461 1470 1546 α’ρ-

290 1531 402 1616 βάλαι·
426 1531 508 1616 εἶδος
530 1536 753 1628 ὑποδημάτων.
817 1615 818 1620 ,

381 1659 414 1726 Ρ.
438 1639 491 1728 593
507 1651 525 1710 9
547 1652 767 1739 βδελλάζηται·
790 1661 974 1750 θηλάζηται,
990 1667 1176 1758 α’μέλγηται.Ι
1197 1672 1318 1760 εἴρηται
1331 1675 1368 1742 δὲ
1383 1677 1468 1756 παρά

292 1745 348 1823 τάς
369 1747 511 1830 βδέλλας.
525 1789 566 1800 -
579 1751 825 1844 Hesych.1367
848 1774 1020 1861 βδαλῆται·
1044 1777 1219 1866 θηλάζηται
1241 1781 1264 1868 ἢ
1284 1783 1470 1871 οἶμέλγητοιι.

329 1843 332 1851 ’
380 1875 415 1940 Ρ.
439 1864 528 1940 60,6
551 1863 661 1950 γονίμη
685 1865 805 1954 ἡμέρα·
828 1874 899 1940 α’ντὶ
919 1887 977 1944 τοῦ
999 1885 1136 1972 περιττή.
1150 1887 1349 1977 -Ηθεγολω
1364 1890 1384 1957 Ι
1399 1897 1466 1959 441

289 1959 355 2041 γονί
358 1988 405 2046 μη
428 1961 546 2048 η’μέρα·
570 1965 592 2054 ἡ
613 1975 743 2062 περισσή
766 1980 816 2043 καὶ
836 1983 881 2070 μή
904 1983 1014 2070 άρτιος.

185 2065 189 2079 ’
381 2087 414 2154 Ρ.
440 2076 552 2158 60213
576 2077 668 2163 γονή·
692 2079 744 2146 ὁτὲ
760 2085 818 2166 μὲν
833 2090 869 2160 τδ
885 2091 1005 2175 σπέρμα
1022 2099 1115 2183 δηλοῖ
1126 2097 1179 2166 ὁτὲ
1202 2101 1238 2167 δὲ
1261 2105 1319 2191 τήν
1333 2105 1469 2192 μήτραν.

290 2177 386 2236 κεῖται
409 2176 442 2238 ἐν
464 2182 586 2258 πολλοῖς
616 2184 686 2270 παρ’
715 2186 913 2278 Ἱπποκράτεα
928 2238 970 2250 -
984 2200 1128 2292 Hesyoh.
1151 2206 1171 2273 I
1193 2210 1256 2275 44'1
1281 2211 1392 2300 γονήν·
1415 2213 1471 2298 γέ-

291 2303 383 2344 νεσιν.
405 2279 527 2368 μήτραν
549 2288 598 2350 καὶ
621 2289 658 2355 εδ
681 2294 811 2379 σπέρμα.

384 2406 418 2473 Ρ.
443 2395 496 2472 61,
515 2397 533 2454 6
557 2379 783 2486 γαργαλισμοῦ·
813 2405 961 2494 γάργαλος
982 2417 1033 2480 καλ
1055 2419 1194 2507 γαργάλη
1216 2421 1336 2506 λέγεται
1359 2427 1470 2510 §9292-

301 2491 387 2575 σμός,
409 2491 471 2559 άπδ
494 2505 558 2562 τῶν
579 2514 809 2591 πασχητιωσαῖν
831 2522 980 2597 γυναικοῖν
1000 2524 1186 2613 εἰλημμένης
1208 2537 1265 2615 τῆς
1280 2531 1388 2610 λέξεως
1403 2541 1472 2600 κτλ.

297 2635 339 2647 -
356 2597 499 2688 Hesych.
518 2598 537 2668 Ι
560 2613 624 2671 416
648 2618 870 2701 γαργαλισμός·
905 2631 1119 2716 γαγγαλισμός,
1145 2632 1324 2720 η’δνπάθειά
1346 2663 1409 2728 τις·
1434 2642 1471 2706 τδ

292 2703 330 2769 δὲ
354 2705 431 2771 adro*
453 2711 503 2773 καὶ
526 2711 674 2800 γάργαλος
695 2723 746 2786 καὶ
766 2727 914 2815 γαργάλη.

383 2833 416 2900 p.
443 2821 501 2900 62,v
517 2826 557 2883 14
580 2841 628 2907 sq.
652 2824 788 2894 δίκαιον·
813 2835 933 2904 ἐνθάδε
955 2837 1013 2920 μέν
1043 2841 1176 2928 εὔλογον.
1210 2851 1244 2913 ἕν
1274 2849 1310 2914 δέ
1332 2856 1379 2941 τῷ
1402 2856 1472 2937 περὶ

294 2917 422 3005 ἄρθρων
445 2921 482 2986 τδ
518 2922 622 3007 ὅμοιον
645 2930 720 3000 ὅταν
741 2945 809 3028 φῇ·
832 2943 938 3031 ἐπειδή
962 2947 1078 3016 δίκαιον
1100 2949 1224 3035 ἔχουσιν
1247 2955 1276 3021 οἱ
1309 2957 1473 3042 ἄνθρωποι

295 3026 332 3091 τό
355 3051 389 3092 τε
419 3028 497 3094 άλλο
527 3019 618 3118 σῶμα
644 3043 695 3106 καὶ
724 3044 781 3124 τάς
807 3056 913 3134 χεῖρας
943 3056 992 3119 καὶ
1026 3055 1065 3122 τά
1096 3059 1213 3136 σκέλεα,
1244 3067 1472 3152 παραδείγματι

291 3134 485 3220 χρησάμενος
506 3137 586 3223 ὑγιεῖ
603 3147 677 3225 πρὸς
698 3152 734 3216 w*
754 3154 802 3241 μή
818 3155 908 3238 α’γιές.
931 3161 981 3225 ἐπὶ
1006 3162 1042 3228 δὲ
1065 3174 1121 3233 τοῦ
1144 3165 1211 3234 ἴσον
1235 3174 1366 3240 καὶτοῦ
1388 3201 1473 3259 σομ-

296 3240 440 3326 φέροντος
473 3245 535 3312 κτὲ.
554 3287 595 3298 -
615 3251 758 3343 Hesyoh.
780 3257 885 3327 1513
917 3266 1053 3334 δίκαιον·
1084 3271 1218 3360 εὔλογον,
1253 3275 1330 3366 ἴσον,
1354 3279 1474 3365 ὅμοιον,

296 3351 377 3433 παρά
400 3349 599 3438 Ἱπποκράτεα

362 3477 417 3550 Ρ.
442 3465 554 3544 63,13
578 3468 755 3557 διαρόγχας·
791 3478 846 3555 τάς
875 3485 939 3546 τῶν
969 3481 1142 3568 ἒπιδέσμων
1171 3492 1317 3572 διαπνοάς
1347 3498 1397 3562 καὶ
1428 3499 1469 3564 τά

295 3565 410 3647 μεταξδ
431 3567 552 3635 τούτων
574 3577 782 3662 διαστήματα.
800 3621 841 3633 -
858 3585 1000 3675 Hosyoh.
1023 3589 1121 3660 1496
1145 3597 1325 3685 διαρόγχας·
1349 3604 1394 3670 τά.
1410 3631 1472 3687 με-

297 3671 373 3750 ταξδ
397 3678 460 3740 τῶν
483 3677 649 3748 ἕπιδέσεων
670 3689 879 3776 διαστήματα.

386 3800 419 3866 Ρ.
437 3787 488 3866 66,
506 3790 524 3848 2
548 3787 772 3877 ἕπανέρεσθαι·
796 3801 997 3890 ἐπερωτήσω.
1011 3845 1053 3858 --
1068 3807 1210 3897 Hosyoh.
1234 3813 1350 3884 H135
1374 3823 1473 3890 έπαν-

298 3881 441 3970 ἔρεσθαι·
465 3891 630 3978 ἐπερωτᾶν.

389 4014 423 4081 Ρ.
449 4003 536 4081 70,7
562 4004 776 4090 ἕνεκρίιιαισεν·
800 4011 953 4102 ἐνέδησεν.
971 4053 1012 4070 -
1028 4018 1170 4107 Hesyoh.
1193 4023 1230 4090 H
1247 4033 1288 4092 93
1313 4031 1474 4119 ἒνεκρίκω-

302 4122 373 4164 σεν·
398 4102 552 4190 ἐνέδηρεν.

391 4227 423 4294 Ρ.
450 4217 540 4294 70,8
566 4218 847 4309 ἕνεκγλεβοτόμηοε·
873 4229 1019 4314 Βακχεῖος
1050 4237 1082 4300 έν
1111 4238 1201 4330 τρίτη
1224 4243 1329 4330 φησίν,
1352 4243 1399 4311 ὅτι
1423 4219 1475 4316 δι-
