3162 4816
283 451 420 542 legitur:
442 458 461 521 ‘.
472 505 499 521 ..
515 457 624 542 κυρίως
641 457 703 546 [δὲ]
721 455 840 542 λέγεται
853 457 875 545 ἡ
889 457 1086 547 ἀποχώρησις
1102 466 1158 547 τῆς
1173 459 1348 546 θαλάσσης,
1365 457 1460 546 ἤγουν

283 563 525 652 ἡοῖναπινομένη
549 563 707 633 θάλασσα.
749 569 782 634 ἐκ
805 570 862 631 τοῦ
884 567 1206 652 superascendere
1229 569 1278 633 καὶ
1302 566 1458 647 cincinorum

283 675 334 738 καὶ
359 673 499 756 ἄμπωσις
518 673 595 740 acroi
619 672 786 761 ocyucnq'v·
813 675 863 740 aci
879 682 990 762 τροπῇ,
1007 673 1188 760 ἄμπωτιςἈ)
1209 681 1459 760 καταχρηστικῶς

284 779 320 846 δὲ
342 782 392 846 καὶ
415 782 466 846 ἐπὶ
481 789 537 846 τοῦ
558 779 708 868 ἡμετέρου
725 781 866 865 σώματος
889 779 911 869 η’
935 785 968 847 ἐκ
983 791 1039 869 τῆς
1052 783 1229 867 ἐπιφανείας
1248 783 1290 860 εἰς
1306 781 1342 846 τὸ
1357 779 1462 864 βάθος

283 885 477 974 ὑποχώρησις
502 892 559 976 τῆς
592 887 678 975 ὕλης.
703 887 800 968 οὕτως
822 888 1037 975 Ἡρωδιανόςῆ
1061 892 1094 956 ἐν
1115 893 1162 978 τῷ
1184 891 1252 974 περὶ
1282 887 1459 975 ἐξηγήσεως

284 1001 348 1058 τῶν
370 991 480 1082 λέξεων
500 993 731 1080 leucopetram?
753 995 987 1080 Herodianum,
1002 994 1169 1087 Apollonii
1190 995 1326 1083 Dyscoli
1344 995 1458 1080 filium,

284 1121 398 1167 uerum
420 1101 516 1168 lexici
537 1108 703 1169 auctorem
727 1123 798 1170 esse
822 1104 954 1169 censuit.
983 1124 1021 1168 ac
1044 1123 1132 1186 sane,
1156 1123 1230 1168 cum
1249 1100 1460 1168 Herodianus

283 1199 493 1294 ‘scriptorum
514 1210 666 1296 pelagns’
687 1209 878 1298 reliquisset,
901 1215 938 1276 nt
960 1209 1052 1276 testis
1074 1214 1122 1276 est
1144 1209 1329 1275 Priscianus
1357 1209 1458 1276 instit.

283 1335 420 1401 gramm.
443 1315 462 1380 I
485 1325 557 1403 4p.
584 1325 602 1381 2
627 1315 677 1383 ed.
705 1316 817 1402 Hertz,
847 1321 990 1408 perapte
1028 1316 1189 1403 quispiam
1220 1316 1260 1381 de
1299 1317 1458 1403 singulari

284 1423 483 1490 celeberrimi
516 1423 718 1508 grammatici
747 1419 919 1508 ¹scriptione
949 1424 1055 1509 potuit
1078 1424 1231 1509 cogitare,
1266 1445 1330 1513 qua
1362 1424 1461 1490 obso-

283 1528 399 1597 letiore
413 1530 568 1596 librorum
582 1528 887 1616 Hippocratioorum
902 1530 1062 1596 uocabula
1076 1531 1304 1618 explicauerat.
1343 1553 1457 1598 nerum

272 1643 395 1703 tamen
416 1637 550 1722 Dyscoli
572 1637 674 1702 filium
703 1635 788 1702 hanc
815 1637 1016 1724 prouinciam
1047 1637 1084 1702 in
1111 1656 1148 1702 ss
1178 1637 1459 1726 suscepisseidso

284 1764 327 1810 ex
348 1744 557 1830 Etymologo'
576 1743 723 1810 concludi
744 1745 866 1832 nequit,
897 1745 974 1832 quio
1002 1745 1194 1830 glossarium
1224 1745 1458 1812 Andromacho

276 1852 411 1918 cuidam
433 1851 593 1917 archiatro
615 1852 805 1940 inscriptum
827 1859 887 1937 est,
903 1871 998 1940 quern
1013 1853 1118 1939 primo
1142 1869 1174 1940 p.
1196 1852 1257 1918 Oh.
1273 1873 1305 1918 n.
1326 1855 1457 1920 sacculo

283 1965 422 2026 sxermts
448 1960 502 2025 uel
524 1959 656 2026 ineunte
678 1961 780 2026 altero
802 1958 922 2026 mxissc
953 1965 1103 2046 oportere
1124 1965 1240 2046 postea
1261 1959 1457 2046 uidebimus,

272 2071 396 2132 ¹¹contra
424 2084 464 2132 es
484 2064 692 2132 Herodianus
715 2070 822 2132 aetate
845 2067 1005 2152 posterior
1025 2065 1136 2132 Marco
1152 2061 1323 2134 'Antonino
1354 2069 1459 2156 impe·

283 2177 392 2240 ratore
417 2170 546 2238 Romae
565 2172 683 2237 floruit.
728 2171 757 2236 si
780 2177 892 2238 autem
918 2169 1125 2250 Herodianus
1154 2193 1189 2240 ra
1219 2187 1300 2240 uera
1330 2176 1365 2240 in
1395 2177 1459 2242 hoc

275 2300 403 2367 ¹genere
425 2279 623 2364 desudasset,
647 2279 922 2367 Gusnuqsqom
944 2281 987 2346 ab
1003 2279 1100 2348 'anno
1135 2289 1196 2348 131
1220 2281 1273 2352 od
1304 2281 1461 2369 Septimii

276 2387 398 2456 'Seueri
420 2405 523 2473 usquo
544 2387 762 2474 principatum
784 2386 905 2452 rrixisse
930 2386 1002 2454 ueri
1031 2393 1081 2453 est
1110 2387 1256 2474 simils,⁶)
1280 2407 1362 2452 eum
1396 2408 1459 2476 pro

283 2515 410 2582 ecqua
439 2495 528 2580 apud
556 2499 687 2560 ueteres
712 2493 776 2558 fuit
806 2493 1001 2558 auctoritate
1032 2493 1067 2558 in
1101 2494 1249 2578 glossarii
1277 2497 1457 2582 prooemio,

274 2602 339 2668 ubi
361 2602 553 2690 interpretes
574 2599 871 2688 Hippocratisqui.
888 2605 1129 2666 antecessemmt
1147 2601 1343 2685 dinumerat,
1368 2609 1459 2669 certe

276 2707 535 2776 commemorare
558 2708 679 2774 debuit.
725 2705 783 2772 sed
804 2706 851 2772 ibi
870 2726 956 2770 nuno
977 2725 1039 2772 nec
1060 2707 1139 2772 nola
1158 2707 1228 2773 eius
1255 2709 1376 2774 emicat
1396 2727 1460 2776 nee

277 2819 467 2903 uestigium.
508 2816 684 2903 eiigitur,
718 2815 774 2904 qui
807 2837 1038 2904 usquequaque
1076 2816 1288 2886 Herodianei·
1317 2819 1457 2885 nominis

281 2925 471 2992 memoriam
503 2923 594 2990 tueri
615 2923 695 3006 uolt,
725 2922 806 2987 nihil
831 2923 988 2990 relicuum
1002 2960 1005 2969 ·
1018 2929 1083 2991 cst
1103 2942 1201 3011 quem
1227 2930 1278 2991 ut
1305 2925 1456 3010 glossarii

281 3037 463 3116 auctorem,¹
483 3031 518 3096 id
549 3031 636 3117 quod
657 3029 852 3096 ‚nuncies
881 3038 1053 3098 comment.
1098 3030 1258 3099 Andocid.
1285 3031 1388 3099 vis
1418 3053 1454 3119 p.

278 3139 364 3211 XXI
378 3158 444 3204 non
460 3137 659 3224 displicuisse
674 3137 813 3221 uidetur,
827 3158 848 3202 a
864 3139 950 3204 claro
963 3120 1019 3206 illo
1035 3141 1245 3224 grammatico
1262 3139 1455 3225 distinguat.

278 3247 431 3334 equidem
457 3265 534 3316 neno
559 3245 761 3332 grauioribus
789 3245 894 3312 causis
914 3265 1118 3332 permonem,
1144 3253 1182 3313 ut
1204 3248 1238 3314 in
1256 3247 1457 3316 JAFabricii

278 3354 428 3426 biblioth.
447 3374 499 3439 gr.
523 3352 596 3420 IIII
623 3357 664 3418 38
691 3359 729 3420 t..
753 3353 803 3424 VI
836 3375 869 3442 p.
903 3361 970 3420 234
1005 3353 1055 3420 ed.
1106 3353 1225 3421 Harlos
1257 3357 1455 3422 sententiam

350 3607 379 3672 4)
396 3605 486 3658 Uerba
505 3605 536 3659 ἐκ
555 3601 606 3658 τοῦ
627 3603 709 3677 πῶμι
726 3604 860 3670 usquead
879 3603 930 3656 καὶ
949 3601 1047 3676 τροπῇ,
1074 3599 1207 3674 ἄμπωτις
1226 3607 1404 3674 Etymologus,
1422 3614 1457 3660 ut

277 3696 442 3747 manifestum
461 3700 508 3762 est,
528 3696 560 3746 de
578 3711 625 3746 suo
644 3695 753 3758 addidit,
766 3697 797 3745 ut
816 3681 947 3758 specimen
967 3693 1100 3743 doctrinae
1120 3693 1213 3744 ederet.
1234 3691 1266 3745 cli
1286 3694 1374 3748 Naber
1392 3712 1455 3762 pro·

276 3783 373 3850 legem.
392 3785 426 3835 ad
444 3785 520 3836 Phot.
538 3786 589 3836 lex.
609 3801 635 3850 p.
656 3781 706 3834 167
725 3800 765 3850 sq.
1305 3800 1307 3803 ·

349 3873 378 3938 5)
398 3873 471 3924 Idem
483 3873 656 3925 testimonium
669 3874 702 3924 de
713 3873 843 3923 uocabulo
860 3866 995 3941 ἄμπωτις
1007 3869 1156 3920 Herodiano
1169 3871 1270 3921 auctori
1283 3871 1456 3926 denuntiatur

277 3953 411 4013 aBesilio
436 3963 464 4013 in
492 3963 596 4014 scholiis
620 3951 727 4014 ineditis
753 3963 787 4012 sd
811 3962 915 4028 Gregor.
934 3961 1058 4014 Nazianz.
1078 3965 1142 4014 orat.
1160 3957 1263 4010 XXXII
1281 3978 1307 4028 p.
1328 3964 1396 4024 5243
1416 3967 1453 4015 cf.

277 4045 448 4101 Boissonadei
464 4050 554 4104 anecd.
575 4065 611 4117 gn.
632 4051 685 4102 uol.
703 4049 732 4100 Π
750 4065 776 4114 p.
796 4053 857 4102 428.

277 4135 289 4156 ''
366 4137 436 4206 >Gt
456 4139 553 4193 Suidas
579 4155 599 4191 s.
619 4156 645 4191 u.
667 4135 808 4206 Γαληνόςι
834 4138 898 4210 ἐβίρ
919 4136 964 4204 ἔτη
985 4135 1024 4206 o'.,
1043 4137 1301 4195 JGGAckermannus
1320 4139 1383 4207 hist,
1398 4143 1454 4196 litt.

235 4229 257 4298 ‘³
278 4228 452 4313 Galenllante
470 4231 562 4298 Galen.
583 4235 601 4280 t.
616 4230 630 4279 I
647 4247 674 4296 p.
693 4230 781 4292 XXXI
800 4231 840 4282 ed.
859 4230 961 4316 Kushn,
