3162 4816
594 249 597 260 “
621 275 735 330 mm

41 479 42 533 ζ
108 482 170 528 eum
191 460 342 533 Drotieuo
372 465 575 554 conpositus:
607 470 657 534 καὶ
687 467 817 553 dorcam
847 467 935 550 νόσος
963 469 1122 558 ὀμμάτων,
1149 474 1204 560 ἐφ’
1229 475 1269 544 od

106 569 208 651 ἅργιμα
231 573 309 638 κιιτιλ
331 574 471 654 Δίδυμυν
497 573 537 640 τῶ
569 577 620 641 ἐπὶ
646 577 822 662 ὀφθαλμῶν
849 578 1040 665 λιυκῶμυιτα,
1063 582 1115 648 elli
1144 583 1265 652 edeinit

104 675 274 764 Hesychius
296 678 314 743 I
338 687 401 744 272
426 679 559 765 ἅργιμα·
583 683 622 748 ui
648 686 697 748 ἐπὶ
720 691 785 750 τῶν
806 684 984 770 ὀφθαλμῶν
1007 679 1198 772 λευκῶματιι.
1223 693 1263 758 cf.

103 783 237 850 Schmidt
255 785 390 872 Didymi
411 785 527 872 fragm.
549 809 582 874 p.
607 796 661 854 88.
759 855 764 864 ,

179 890 352 958 Ereiianus
373 914 407 980 p.
433 901 485 977 57,
509 902 528 960 3
552 895 668 981 ἄλφιτα
691 897 858 980 πρυκῶνια·
881 897 922 965 tri
957 898 1098 982 γινόμενα
1131 905 1166 968 ἐκ
1200 908 1263 970 τῶν

107 997 256 1080 tatiana
280 1008 398 1081 κριθῶν
420 999 517 1080 οὕτως
540 1002 669 1068 Ἀττικοὶ
691 1008 845 1080 καλοῦσιν,
867 1003 920 1068 cui
953 1004 1058 1072 innuit
1079 1004 1263 1094 Hesychius

101 1101 213 1168 IH381
241 1105 395 1190 πρόκιυνιι·
421 1107 460 1172 roi
484 1111 517 1176 ἐκ
540 1113 603 1174 τῶν
626 1109 671 1196 μή
695 1111 914 1193 πεφρυγμένων
936 1119 1053 1192 κριθῶν
1079 1114 1261 1199 ἄλφιτα.-

101 1209 246 1295 Didymus
270 1212 401 1300 quidem
424 1213 494 1300 ipsc
517 1213 611 1280 ahter
634 1217 746 1280 statuit
774 1216 863 1303 apud
888 1217 1048 1306 Harpocr.
1067 1241 1101 1308 p.
1127 1231 1202 1308 158,
1219 1235 1258 1290 lt

100 1319 253 1398 προκῶνυι·
277 1321 417 1404 Δίιλύμος
439 1321 475 1388 δὲ
507 1322 665 1406 aporema,
698 1325 787 1410 φησί,
812 1328 900 1406 πυροὶ
929 1328 1029 1408 μέλιτι
1059 1331 1256 1414 κεχρισμένου

99 1424 132 1489 of.
154 1425 350 1494 Schmidtius
365 1429 387 1495 l
401 1429 423 1494 l.
438 1449 472 1516 p.
488 1437 542 1496 40.
595 1430 653 1496 sed
676 1431 787 1498 stetim
800 1430 1039 1518 Harpocration
1055 1433 1159 1500 addit:
1175 1437 1256 1520 Ἀρι-

97 1535 237 1622 υτοφιίνης
260 1537 298 1602 δὲ
320 1535 338 1602 o‘
360 1535 565 1621 γραμματικός
587 1538 637 1602 καὶ
662 1537 844 1625 Κράτης“)
868 1538 907 1604 aci
940 1540 1159 1625 ε’ξυῖφρύκτιυν
1189 1569 1254 1626 κρι-

99 1645 157 1704 θῶν
175 1641 255 1710 οὕτω
280 1647 375 1729 φασὶν
397 1644 612 1726 ὀνομάζεσθαι,
634 1664 718 1730 quac
741 1649 854 1730 aperie
877 1643 1042 1712 declarant
1065 1648 1254 1716 memoriam

96 1746 323 1838 Aristophanis,
347 1771 389 1818 ex
411 1772 474 1838 quo
496 1750 672 1818 Droiianus
700 1756 734 1817 et
764 1747 948 1837 Hesychius
976 1751 1192 1838 proiecerunt,
1223 1761 1256 1822 et

98 1853 232 1943 Cratetis,
262 1860 353 1926 cuius
386 1859 605 1925 testimonium
634 1856 869 1944 Aristophanes
893 1856 1148 1946 adposuerat‚⁴⁰)
1177 1881 1255 1949 qno-

98 1983 148 2050 que
173 1986 191 2032 e
216 1967 362 2054 Didymo
385 1966 598 2034 emanauisse.
643 1985 783 2052 namquo
806 1985 849 2032 ex
869 1963 1032 2032 Athenaei
1053 1966 1257 2053 potissimum

97 2069 161 2138 locis
189 2075 291 2140 talem
325 2074 560 2161 Didymeorum
594 2092 727 2160 operum
760 2070 919 2138 rationem
949 2071 1048 2138 fuisse
1083 2075 1254 2163 perspicue

102 2181 300 2266 cognosciutr,
329 2185 366 2246 ut
387 2177 579 2268 scriptorum
602 2177 642 2243 de
675 2198 711 2244 re
747 2175 928 2264 principum
958 2178 1185 2266 seutentiasfl)
1217 2183 1253 2250 in

102 2283 212 2352 bunius
244 2292 426 2354 contractas
455 2289 651 2372 conponeret
688 2289 722 2349 et
745 2281 841 2368 ‘fera
869 2283 898 2346 ei
928 2306 1024 2372 qaam
1044 2287 1155 2372 primo
1185 2289 1252 2356 loco

96 2407 206 2476 poteret
228 2418 323 2458 ιυιυυι
345 2391 501 2458 caiatiam
524 2391 661 2474 adderet,
682 2390 814 2478 indique
845 2403 948 2456 tamea
982 2415 1022 2458 ne
1055 2415 1092 2458 ea
1125 2393 1252 2484 quidem

99 2521 227 2586 oppressa
249 2503 383 2588 silentio,
407 2503 460 2566 oei
481 2503 632 2566 minorem
654 2500 721 2586 ipse
736 2497 994 2584 probabilitatem
1017 2499 1184 2568 tribueret?
1215 2554 1218 2571 ,

166 2608 314 2676 Tertium
336 2609 522 2694 exemplum
543 2605 677 2693 Didymi
708 2605 750 2670 ab
782 2604 937 2672 Dratiano
970 2608 1128 2694 usurpati,
1163 2611 1250 2698 quod

92 2733 199 2802 promo,
218 2717 315 2784 nobis
338 2714 430 2782 dabit
461 2711 545 2780 Orus
574 2711 720 2779 Milesius
750 2711 785 2776 in
820 2732 896 2777 mas.
931 2711 1009 2778 bibl.
1044 2733 1112 2800 reg.
1143 2715 1248 2786 Paris.

29 2849 30 2908 y
93 2823 166 2908 apud
185 2825 362 2892 Ruhnken.
389 2822 492 2910 praei.
516 2820 559 2886 ad
591 2817 735 2906 Hesych.
769 2837 802 2904 p.
839 2815 893 2884 IX
923 2819 1006 2884 conl.
1041 2819 1112 2886 cod.
1144 2821 1247 2892 Paris.
1347 2823 1355 2832 '

91 2934 165 2998 2630
186 2932 277 3021 apud
298 2930 433 2998 Bekkcr
455 2928 568 2996 anecd.
591 2947 639 3015 gr.
662 2947 695 3014 p.
720 2932 824 2992 1386:
847 2925 981 3013 καρύκη·
1016 2927 1130 3014 ἓψημῶ
1149 2957 1179 2997 τι
1206 2935 1247 2998 δι’

146 3171 190 3240 ti)
209 3175 337 3237 Quisnam
355 3187 369 3222 e
388 3170 534 3223 Cratetibus
553 3169 756 3238 cognominibus,
779 3183 888 3235 qnorum
908 3169 1003 3222 multos
1023 3172 1124 3239 antiqui
1142 3181 1242 3244 norant,

86 3261 246 3330 intellegatur,
273 3279 327 3313 non
346 3263 448 3328 liquido
473 3266 581 3316 constat.
617 3263 663 3313 sed
686 3259 863 3328 non‘duhito,
883 3262 947 3328 quin
970 3269 1037 3314 recte
1061 3263 1244 3316 Atheniensem

29 3345 30 3348 '
86 3365 132 3402 esse
149 3353 267 3404 statuerit
285 3351 519 3402 OWachsmuthius
537 3351 570 3401 de
583 3349 684 3402 Cratete
702 3351 811 3402 Malloia
829 3368 855 3417 p.
874 3353 916 3414 35,
935 3351 981 3417 qui
994 3353 1061 3422 napi
1080 3349 1138 3404 τῶν
1155 3347 1242 3418 Ἀθή-

85 3457 141 3503 νησι
157 3437 273 3496 θυσιῶν
291 3439 332 3510 (ci.
346 3439 441 3493 Suidas
458 3456 478 3492 s.
497 3456 523 3492 u.
545 3433 707 3510 εἰρεσιώνη,
725 3439 801 3493 Phot.
814 3457 840 3493 u.
854 3435 998 3508 κὺννειος)
1019 3440 1129 3506 scripsit,
1149 3448 1239 3492 contra

83 3527 242 3596 Wegeuerum
259 3531 292 3581 de
310 3531 371 3581 aula
389 3529 502 3580 Attalica
518 3543 545 3593 p.
559 3531 609 3578 149
622 3537 648 3579 et
659 3528 806 3580 Nauohinm
819 3528 949 3594 Aristoph.
961 3527 1024 3594 Bya.
1037 3529 1127 3592 fragm.
1140 3544 1166 3593 p.
1180 3531 1240 3590 223,

83 3617 122 3680 qui
138 3619 169 3670 dc
186 3622 310 3672 mulctae
327 3619 396 3670 libro
417 3619 484 3686 napi
504 3615 553 3682 τῆς
572 3613 690 3682 ἐπικῆς
709 3615 863 3671 διαλέκτου
882 3619 1068 3683 cogitauerunt

143 3709 186 3776 tc)
208 3711 286 3760 Hunc
304 3708 372 3760 enim
390 3709 418 3758 in
436 3708 540 3758 modum
558 3707 639 3759 uerba
650 3701 927 3777 Ἀριστοφάνηςιιαλ
940 3702 1055 3773 Κράτης
1074 3707 1239 3774 explananda

82 3799 134 3846 sunt
150 3812 164 3848 e
180 3814 250 3850 more
269 3798 499 3864 grammaticorum,
518 3797 551 3847 de
575 3811 627 3862 quo
651 3797 726 3848 docte
743 3803 850 3864 egerunt
875 3795 1060 3849 MSchmidtiuc
1079 3795 1114 3848 ad
1131 3796 1239 3862 Didymi

81 3879 159 3949 fragm.
177 3903 203 3952 p.
221 3887 273 3939 289
292 3904 319 3940 u.
338 3889 398 3939 294.
418 3888 469 3937 344
485 3890 512 3936 et
540 3886 627 3938 Naber
652 3887 681 3936 in
705 3888 845 3954 prolegom.
870 3888 904 3937 ad
922 3885 1002 3938 Phoc:
1015 3886 1067 3938 lex.
1085 3901 1112 3952 p.
1132 3887 1172 3949 10,
1192 3885 1240 3952 qui

81 3974 192 4038 conplura
210 3977 328 4041 exempla
347 3975 439 4028 adfert.
1156 3965 1159 3972 ’

141 4063 185 4130 ti)
203 4065 283 4115 Felici
295 4065 505 4115 fortunaiaotum
517 4068 611 4127 esent
622 4063 771 4116 Macrobius
792 4068 840 4118 eat.
859 4063 928 4113 V18
942 4063 1111 4129 fragmentum
1130 4063 1237 4130 Didymi

80 4147 423 4222 nenecessitatem,
447 4167 501 4206 ιιυιι
527 4153 683 4206 contracti*
702 4153 851 4211 seruauerlt
870 4152 940 4202 undo
964 4151 1130 4218 intellegitur,
1155 4167 1234 4218 quam

80 4240 188 4306 copiosus
206 4249 230 4295 et
248 4244 341 4296 doetus
359 4243 487 4310 Didymus
506 4245 533 4294 iu
551 4242 737 4294 uocabulorum
755 4240 968 4306 interpretatione
985 4241 1072 4294 fuant.

1045 4351 1062 4396 0
