3162 4816
535 1436 919 1556 PRAEFATIO

221 1713 370 1780 Erotiani
410 1714 538 1782 lexicon
573 1715 724 1782 dictionis
758 1714 1026 1802 Hippocraticae,
1064 1711 1170 1778 bonae
1207 1709 1309 1794 frugis

131 1838 260 1922 librum,
285 1837 410 1924 quippe
430 1857 491 1904 nce
520 1838 620 1904 facile
642 1839 788 1926 parabile
810 1859 871 1904 nse
893 1839 971 1904 satis
998 1837 1213 1919 emendatum,
1235 1833 1309 1920 plus

11 1951 14 1964 '
132 1962 217 2027 iusto
241 1983 262 2028 a
288 1962 453 2052 communi
474 1983 536 2034 usu
559 1967 592 2029 et
611 1963 750 2028 utilitate
777 1961 928 2049 impediri
950 1981 1077 2047 semper
1110 1977 1207 2046 aegre
1238 1957 1308 2022 tuli.

134 2109 207 2152 oum
230 2089 330 2174 igitur
353 2095 429 2166 ante
453 2087 536 2154 duos
558 2087 626 2153 fere
641 2109 743 2153 annos
759 2093 844 2169 totus
867 2086 901 2152 in
923 2085 1149 2152 critiucncuae
1162 2080 1309 2176 editionis

135 2212 350 2278 instrumento
366 2211 837 2299 conquirendoconquertoque
847 2209 1022 2296 digerendo
1034 2229 1189 2291 uersarer,
1202 2205 1308 2272 subito

34 2383 36 2386 -
137 2336 265 2402 nuntius
290 2335 335 2402 ad
349 2357 402 2402 me
424 2335 630 2402 adiciebatur
652 2357 705 2400 me
726 2335 761 2400 in
783 2333 1015 2400 Ermerinsii
1040 2333 1160 2400 Bataui
1178 2331 1308 2418 prouin-

140 2460 220 2525 ciam
233 2461 397 2526 inuasisse
413 2467 446 2526 et
469 2481 551 2548 quae
567 2481 683 2546 parare
697 2459 873 2546 inceperim
887 2457 978 2525 illum
992 2478 1096 2546 paene
1118 2458 1184 2522 iam
1203 2456 1308 2523 absol·
1388 2521 1390 2530 .

136 2585 231 2650 uisse.
279 2566 404 2650 nerum
433 2589 542 2650 tamen
569 2605 621 2651 res
653 2590 781 2671 praeter
809 2585 993 2672 opinionem
1015 2603 1168 2670 prospere
1191 2583 1308 2648 euenit.

135 2707 393 2793 interrogantem
409 2710 495 2774 enim
510 2708 593 2796 quid
606 2710 654 2774 rei
669 2714 754 2775 esset
767 2707 910 2774 medicus
933 2707 987 2772 ille
1003 2705 1254 2793 φιλολογώτατος,
1271 2711 1308 2772 ut

136 2852 211 2898 eum
227 2851 355 2898 summo
371 2833 440 2898 iure
462 2854 565 2920 nuper
579 2834 751 2900 Francken
766 2829 954 2917 nominauit,
970 2853 1037 2898 nun
1058 2833 1154 2898 modo
1175 2852 1242 2897 non
1265 2831 1306 2897 ab

133 2957 264 3044 incepto
293 2981 346 3023 me
370 2961 537 3025 reuocauit
562 2959 764 3024 sed'cunctis
780 2980 863 3046 quae
878 2959 948 3044 ipse
967 2961 1174 3042 congesserat
1189 2955 1308 3071 eximia

135 3102 201 3168 qua
225 3087 276 3147 est
299 3082 506 3149 humanitate
535 3090 568 3149 et
594 3085 747 3152 comitate
768 3083 962 3150 transmissis
991 3085 1090 3150 etiam
1118 3103 1177 3169 per
1214 3101 1309 3148 omne

133 3212 274 3292 tempus,
304 3227 367 3293 quc
400 3207 586 3273 exornanda
618 3209 759 3276 editione
786 3213 960 3294 occupatus
983 3229 1082 3292 cram,
1106 3205 1245 3272 consiliis
1276 3211 1310 3272 et

134 3327 422 3395 emendationibus
452 3332 723 3398 communicandis
741 3354 937 3419 magnopere
950 3334 1081 3400 adiuuit.
1119 3331 1310 3420 splendidis·

134 3455 253 3519 simum
283 3461 395 3520 autem
418 3476 545 3540 munna,
570 3456 657 3544 quod
678 3457 758 3522 mihi
772 3457 878 3542 dedit,
901 3464 975 3523 sunt
1003 3457 1185 3542 fragmenta
1214 3456 1311 3522 lexiei

131 3580 310 3663 Erotianei,
341 3581 478 3667 quaein
500 3581 699 3667 marginibus
723 3581 869 3649 codicum
891 3582 1056 3667 Vaticani,
1087 3579 1253 3647 Urbinatis
1275 3585 1309 3646 et

129 3705 351 3771 Laurentiani
367 3709 519 3790 excerpta
538 3725 558 3768 a
582 3703 704 3770 chetc
721 3705 805 3770 donc
826 3711 1003 3791 acceperat.
1037 3705 1091 3791 qui
1112 3705 1308 3788 factumest,

130 3837 170 3895 ut
200 3833 346 3896 nostram
378 3827 518 3913 opellam
551 3827 586 3892 in
616 3827 770 3896 Erotiano
795 3830 995 3896 conlocatam
1023 3831 1179 3896 dedemus
1200 3831 1308 3918 bipar-

130 3959 229 4024 titam
252 3975 333 4022 esse.
357 3955 497 4041 primum
521 3955 606 4021 enim
627 3955 660 4020 in
683 3956 921 4041 prolegomenis
945 3957 1151 4042 exposuimus
1176 3958 1215 4040 de
1226 3959 1308 4047 Erc-

130 4082 216 4150 tiani
237 4081 307 4148 uita
330 4085 365 4148 et
387 4078 523 4166 scriptis,
548 4078 589 4144 de
611 4078 707 4144 lexiei
730 4079 915 4146 condicione
938 4085 972 4146 et
992 4079 1145 4168 foptibus,
1169 4082 1308 4170 denique

132 4207 176 4275 de
200 4209 336 4292 ratione,
360 4228 458 4294 quam
471 4206 505 4270 in
526 4210 620 4272 textu
642 4227 716 4270 cum
725 4204 978 4291 fragmentorum
999 4210 1068 4271 tum
1090 4206 1187 4272 lexiei
1208 4208 1308 4295 ipsius
