3162 4816
744 1029 952 1129 CAPUT
996 1029 1051 1126 Π.

397 1295 470 1362 Iam
492 1295 592 1363 oritur
608 1295 753 1382 quaestio
778 1294 820 1362 de
842 1292 1004 1378 subsidiis,
1022 1294 1138 1381 quibus
1161 1292 1292 1360 adiutus
1307 1293 1484 1362 Erotianus

307 1403 499 1491 opuseulum
531 1423 624 1469 suum
657 1404 840 1491 conposuit:
863 1403 898 1467 in
920 1421 1004 1491 quae
1027 1423 1046 1468 e
1068 1423 1103 1468 re
1136 1401 1266 1468 uidetur
1296 1399 1484 1490 diligentius

306 1510 479 1596 inquirere,
519 1511 711 1596 praesertim
746 1510 822 1598 quia
862 1493 1016 1598 antiquae
1051 1510 1239 1576 eruditionis
1272 1517 1485 1577 monumenta

304 1609 386 1684 'sads
409 1617 552 1702 egregio,
577 1630 768 1703 quae'nunc
790 1618 917 1706 perdita
940 1622 1024 1701 sunt,
1049 1618 1079 1683 ei
1095 1621 1225 1706 praesto
1242 1617 1382 1683 fuerunt.
1409 1639 1488 1683 nam

307 1742 404 1790 nemo
424 1723 617 1809 scriptorum
640 1743 831 1812 graecorum
854 1711 969 1809 est,'iu
992 1725 1081 1791 ouius
1097 1725 1206 1791 uerbis
1222 1725 1486 1791 insolentioribus

308 1829 535 1916 consignandis
562 1838 595 1897 et
621 1833 822 1919 explicandis
845 1837 971 1897 tentam
992 1833 1136 1896 uirorum
1170 1831 1338 1898 doctorum
1367 1835 1487 1900 seriem
1551 1861 1552 1870 ¹

308 1944 499 2024 occupatam
519 1938 620 2007 inisse
647 1941 750 2025 uides,
774 1946 872 2028 quarn
901 1939 1130 2026 Hippocrates,
1162 1937 1361 2005 medicorum
1388 1939 1486 2006 facile

307 2045 468 2132 princeps.
526 2047 782 2134 disquisitionem
824 2067 902 2112 uero
941 2051 1085 2111 nostram
1116 2047 1164 2112 ita
1196 2029 1411 2131 instituemus,
1451 2052 1487 2112 ut

307 2152 448 2238 primurn
487 2153 614 2239 sinanle
647 2161 795 2221 ueterum
827 2155 1040 2241 interpretum
1073 2174 1145 2219 cum
1178 2154 1376 2220 medicorum
1415 2161 1486 2221 tum

309 2259 592 2344 grammaticorum
622 2260 762 2348 uestigia
796 2263 1021 2350 conquiramus
1055 2267 1123 2326 tum
1154 2281 1251 2348 quem
1280 2261 1487 2349 potissimum

307 2372 475 2433 auctorem
506 2367 621 2434 ducem
660 2391 756 2457 quem
791 2378 982 2458 sequeretur
1002 2379 1005 2386 '
1024 2369 1198 2437 Erotianus
1237 2369 1298 2436 sihi
1337 2369 1485 2456 elegerit,
1554 2361 1555 2364 ¹

309 2475 479 2540 enucleare
508 2496 669 2542 conemur.
1110 2479 1113 2486 ’

399 2582 503 2649 Extat
518 2584 648 2669 quidem
665 2583 705 2650 de
717 2583 779 2648 hoc
789 2589 979 2669 argumento
993 2583 1185 2668 dissertatio,
1203 2605 1299 2672 quem
1312 2583 1487 2652 PsePreu

307 2689 347 2756 de
361 2691 582 2777 interpretibus
607 2693 730 2778 praecio
753 2689 961 2778 Hippocratis
981 2691 1168 2778 inscriptam
1191 2692 1370 2759 Altdorfiae
1397 2699 1484 2759 1795

310 2798 425 2864 emisit.
471 2798 528 2864 sed
567 2798 645 2886 quid
683 2798 726 2864 ad
758 2805 903 2864 nostram
931 2821 1000 2866 rom
1022 2787 1270 2865 ⁴dilucidandam
1301 2801 1485 2882 contulerit,

310 2906 460 2992 equidem
475 2907 593 2989 nescio,
611 2907 687 2992 quia
706 2906 774 2972 eius
797 2907 1004 2994 scriptionem
1026 2927 1193 2994 nunquam
1210 2907 1288 2972 uidi.
1339 2901 1485 2974 attamen

310 3011 408 3078 hodie
426 3033 499 3078 eam
513 3033 579 3078 non
600 3012 785 3080 satisfecere
808 3035 866 3100 pro
891 3021 978 3080 certo
1003 3015 1174 3080 adfirmare
1197 3033 1338 3104 possum,
1363 3017 1486 3103 quippe

309 3120 378 3184 eius
423 3118 511 3184 modi
553 3121 776 3207 quaestionem
818 3127 928 3187 nostro
973 3119 1103 3186 demum
1140 3126 1286 3208 tempore
1334 3122 1485 3186 omnibus

309 3227 451 3292 numeris
468 3228 593 3294 absolui
609 3249 704 3314 posse
720 3227 950 3316 unusquisque,
967 3233 1181 3315 penes'quem
1201 3228 1241 3294 de
1260 3227 1348 3293 hisce
1369 3227 1485 3294 studiis

308 3334 465 3401 iudicium
488 3342 547 3419 est,
571 3337 691 3422 optime
713 3337 815 3401 nouit.

401 3443 491 3510 Inter
512 3444 655 3513 medicos
678 3445 776 3532 igitur
797 3445 988 3533 interpretes
1016 3443 1199 3533 primus,²³)
1224 3445 1279 3532 qui
1301 3444 1361 3512 eoi
1381 3444 1485 3512 lexeis

324 3673 328 3680 ’
383 3679 429 3747 25)
448 3679 565 3732 Fuerunt
583 3679 629 3746 qui
647 3679 791 3746 Herophilo
810 3679 922 3744 primum
939 3678 1025 3729 locum
1044 3677 1112 3728 inter
1132 3676 1330 3744 glossographos
1348 3675 1484 3742 adsignare

312 3767 417 3834 uellent,
437 3769 482 3821 sed
500 3770 667 3822 uehementer
684 3769 798 3820 frustrati
820 3771 888 3818 sunt.
925 3765 1085 3832 Herophilus
1105 3765 1173 3814 enim
1194 3763 1250 3830 ipse
1268 3765 1361 3825 λέξει-ς
1378 3766 1485 3830 scripto·

312 3873 369 3910 rum
387 3859 631 3925 Hippocratioorum
656 3874 791 3924 nunquam
816 3857 952 3920 conposuit
976 3859 1056 3920 atquc
1078 3855 1234 3918 enucleauit,
1260 3856 1305 3906 sed
1324 3870 1363 3906 res
1382 3859 1483 3906 tantum

312 3949 389 4001 modo
408 3947 437 4001 in
456 3947 565 4016 singulis
584 3964 672 3999 eorum
693 3953 815 3999 tractatas
840 3945 921 3997 doctis
948 3943 1137 3996 commentariis
1161 3943 1316 4004 inlustrante,
1336 3944 1364 3993 iu
1387 3944 1483 4010 quibus

312 4040 448 4090 occasione
471 4038 560 4090 oblata
576 4036 735 4104 significatus
758 4035 944 4087 uocabulorum
972 4032 1148 4085 obscuriorum
1175 4033 1267 4098 tetigit.
1311 4031 1383 4082 locus
1412 4048 1482 4094 uero,

313 4142 365 4194 quo
384 4125 487 4194 decepti
505 4127 537 4189 ei,
558 4127 606 4192 qui
622 4126 655 4176 de
671 4125 779 4186 historia
797 4125 860 4176 artis
878 4125 994 4176 medicae
1011 4122 1176 4186 scripserunt,
1190 4125 1216 4171 et
1234 4119 1348 4173 Littrdus
1366 4123 1400 4173 ad
1418 4123 1484 4187 Hip-

312 4229 382 4284 poor.
401 4221 420 4268 t.
439 4217 452 4267 1
470 4233 496 4282 p.
517 4217 560 4280 8³,
578 4231 654 4280 quam
679 4213 803 4265 Lehrsius
822 4211 856 4264 do
875 4209 1015 4262 Aristarchi
1033 4207 1101 4261 stud.
1117 4207 1186 4259 hom.
1206 4225 1232 4275 p.
1253 4212 1285 4262 53
1310 4211 1413 4263 mallem
1431 4227 1482 4264 non

314 4309 415 4360 secutus
434 4309 509 4369 esset,
527 4302 700 4374 Herophilum
718 4303 746 4352 in
758 4301 1000 4372 glossographorum
1015 4313 1150 4350 numerum
1168 4299 1307 4370 benignius
1324 4304 1480 4370 receperunt,

556 4499 566 4528 i
