3162 4816
665 339 728 391 xxl

105 530 155 596 ita
188 533 226 594 ut
264 532 429 616 superstes
456 533 506 594 est
540 529 582 594 sb
612 528 714 617 ipsius
743 551 843 596 manu
871 532 1035 622 profectus
1065 555 1108 600 sn
1144 532 1282 600 eandem

110 659 211 726 quum
243 638 372 706 lexicon
405 643 524 704 sortem
545 657 718 726 perpessus
748 637 791 704 ab
818 637 934 705 eodem
965 639 1021 708 illo
1055 640 1194 726 homine,
1229 639 1284 729 qui

112 746 197 814 illud
213 746 391 834 discerpsit,
414 745 581 814 mutilatus
605 745 656 812 sit.
703 767 741 811 uc
760 767 795 812 rc
818 767 906 831 nera,
930 748 959 814 si
982 749 1052 835 quis
1077 749 1180 817 obiter
1211 749 1302 814 cum'

112 855 366 942 perlustraucrit,
398 856 526 941 integer
562 854 605 920 nd
638 875 697 920 nos
729 856 916 942 peruenisse
948 855 1086 922 uidetur.
1139 876 1216 921 num
1250 853 1285 920 id

110 965 231 1030 temere
271 983 394 1050 negcrc
438 983 490 1028 nes
523 983 603 1028 sane
633 961 737 1028 andus
772 968 831 1048 est,
865 964 1055 1050 praesertim
1094 984 1167 1028 cum
1203 983 1284 1051 quas

108 1071 300 1159 scriptiones
322 1069 540 1159 Hippocratis
553 1090 622 1136 non
644 1091 717 1138 esse
732 1071 934 1138 contenderit
947 1071 1132 1154 Eroticnus,
1145 1071 1173 1136 si
1188 1091 1286 1136 unum

108 1180 287 1268 excepens,
311 1199 443 1266 prorsus
466 1176 693 1244 caecutiamus.
748 1182 892 1244 attamen
923 1199 980 1244 ecs
1014 1197 1142 1265 quoque
1174 1163 1301 1260 libros'
1380 1170 1383 1176 ’

108 1308 191 1376 quos
211 1286 338 1354 medico
363 1285 430 1352 (ico
453 1284 662 1370 abiudicabit,
689 1285 724 1350 in
745 1285 887 1352 indicem
910 1285 1072 1352 rettulisse
1091 1285 1285 1359 Erotisnum

104 1401 144 1460 ut
167 1394 377 1463 adsumamus
412 1392 511 1460 efficit
538 1390 630 1477 iilud,
662 1393 749 1480 quod
781 1393 972 1488 prorrhetici
1006 1393 1105 1460 libros
1136 1391 1286 1478 quemuis

106 1499 300 1569 subditicios
322 1523 392 1569 esso
416 1501 669 1570 existimcnsset
689 1501 774 1568 inter
803 1508 930 1569 ceteros
962 1500 1176 1584 enumeranti,
1210 1500 1287 1590 quin

107 1611 209 1681 etium
229 1611 408 1700 penmultus
429 1631 527 1678 uoces
556 1610 634 1678 indo
664 1609 727 1676 sibi
757 1611 857 1696 clegit
886 1609 1107 1697 explicandos.
1138 1599 1226 1694 quod
1258 1605 1288 1677 ci

109 1716 157 1783 ita
184 1724 249 1804 cst,
273 1718 442 1806 scrupulus
476 1717 518 1786 de
548 1717 735 1804 intcgsitate
769 1717 938 1786 inraciones
970 1717 1126 1787 libromm
1158 1713 1287 1800 Hippo·

111 1827 302 1894 ereticorum
329 1826 481 1912 catalogi,
513 1827 568 1914 qui
589 1826 624 1892 in
654 1826 762 1892 enimc
785 1819 904 1892 nostro
930 1823 1068 1900 insedit
1089 1841 1155 1888 non
1188 1821 1286 1891 modo

110 1955 178 2000 non
200 1933 330 2020 euolsus
362 1939 412 2000 est
446 1934 504 2002 sed
535 1933 634 2000 etism
667 1933 770 1999 acrius
800 1931 927 2019 pungit.
977 1936 1014 1997 ut
1044 1929 1131 1996 enim
1160 1934 1287 1996 tuocum

107 2044 192 2110 alias
213 2061 342 2130 quoquc
364 2039 522 2128 prooemii
543 2045 653 2126 partes
676 2059 809 2105 mancas
823 2059 904 2122 esse,
922 2037 1056 2123 triginta
1074 2037 1175 2110 ferme
1190 2037 1286 2104 lexici

108 2149 240 2236 glossae
263 2147 306 2214 ad
321 2148 420 2217 libros
431 2147 617 2235 respiciunt,
636 2147 691 2234 qui
700 2145 799 2240 bodie
814 2147 848 2212 in
858 2145 965 2212 indice
988 2165 1055 2211 non
1069 2146 1286 2213 nominantur.

110 2255 178 2322 sed
192 2276 233 2320 ne
260 2256 412 2342 exemplo
435 2254 600 2322 desideres
622 2253 697 2320 libri
719 2252 758 2318 cte
787 2251 981 2342 liquidorum
1002 2275 1063 2316 ccc
1086 2258 1150 2320 tres
1173 2259 1287 2320 extent

113 2362 250 2448 glossae,
274 2362 457 2450 exscripto
481 2361 658 2448 deposcitum
680 2361 853 2444 cctnrc²³)
877 2364 949 2427 octo
973 2357 1164 2445 desumptae
1194 2366 1286 2444 sunt3

115 2469 158 2534 ad
172 2470 298 2536 libellos
321 2470 359 2534 de
380 2472 513 2535 internis
529 2469 690 2554 affectibus
711 2474 744 2534 et
759 2467 797 2532 de
812 2468 899 2530 nictu
913 2466 1089 2552 salcis-iu)
1114 2465 1221 2550 binae,
1244 2465 1287 2532 ad

111 2578 268 2664 scriptum
291 2577 447 2642 dedicata
469 2583 534 2644 tres
557 2575 747 2644 referendae
769 2581 854 2659 sunt,
883 2595 948 2640 una
968 2574 1011 2639 ad
1033 2575 1152 2641 librum
1175 2574 1213 2638 dc
1236 2597 1288 2638 en·

100 2687 244 2762 ,secnone
259 2684 357 2770 feton
384 2686 571 2772 proqnoscc's
594 2685 732 2771 denique
754 2705 867 2748 coccae
888 2688 938 2750 ten
959 2683 1183 2769 respiciuntur.
1217 2683 1288 2770 plu·

109 2793 200 2860 ribus
233 2795 391 2882 exemplis
419 2792 614 2880 supersedeo
648 2789 841 2875 adiercndis,
867 2792 943 2880 quic
976 2809 1087 2856 eorum
1117 2809 1288 2858 numerum

109 2901 334 2992 unusquisque
355 2901 452 2986 iccile
472 2922 593 2988 ungere
615 2905 734 2987 potent.

184 3119 228 3188 23)
249 3121 334 3172 Alium
352 3119 479 3173 tutionem
497 3119 575 3170 huius
589 3116 709 3184 opusculi
721 3116 749 3167 in
761 3113 848 3167 indica
864 3113 953 3166 omissi
971 3113 1129 3178 inuestigare
1148 3111 1201 3164 sibi
1213 3111 1287 3166 nisus

111 3218 152 3266 cst
169 3210 286 3262 Littrtus
307 3209 341 3260 sd
359 3209 484 3278 Hippocr.
503 3208 549 3258 t.I
569 3224 595 3273 p.
609 3207 671 3256 418.
690 3205 718 3255 id
737 3205 805 3255 enim
825 3219 882 3255 cnm
901 3219 917 3252 c
937 3203 1037 3254 Gslcno
1055 3201 1096 3252 bis
1115 3203 1144 3252 in
1162 3201 1288 3266 glossario

110 3315 132 3356 s.
146 3317 173 3352 u.
193 3291 384 3371 παραστάτας
403 3315 429 3363 p.
447 3300 499 3348 538
518 3297 601 3348 Franz
620 3301 645 3346 et
657 3311 678 3345 s.
691 3309 718 3346 n.
738 3289 875 3346 κοτυλίδα
894 3307 920 3357 p.
932 3293 983 3342 506
1002 3277 1040 3341 its
1058 3290 1192 3356 adlegetnr
1211 3290 1288 3356 qussi

110 3392 248 3460 appendix
271 3389 355 3441 libelli
387 3389 420 3440 sit
446 3389 490 3456 qui
515 3381 659 3459 μοχλικός
683 3389 799 3446 uocatur,
822 3381 885 3432 indo
911 3381 964 3430 ism
992 3380 1137 3446 antiquitus
1161 3379 1289 3429 mochiioo

109 3483 264 3535 adiunctum
282 3479 363 3532 tuisse
381 3479 493 3550 contegit
511 3477 633 3540 binicus,
652 3477 691 3526 ita
712 3479 743 3525 ut
766 3472 906 3523 Erotienns
928 3469 980 3520 buc
998 3474 1099 3520 tentum
1119 3467 1289 3534 inscriptione

110 3573 140 3623 id
161 3571 292 3636 cognitum
310 3568 426 3620 hubcrct.

184 3659 230 3726 24)
250 3659 301 3710 Hic
319 3658 387 3708 liber
404 3659 521 3710 sortasse,
534 3658 594 3707 idco
618 3656 647 3706 in
672 3654 759 3706 indice
783 3669 837 3704 non
861 3654 990 3718 conparet,
1012 3648 1075 3716 quis
1100 3646 1171 3712 apud
1188 3651 1290 3700 ueteres

111 3765 174 3802 cum
192 3748 316 3814 opusculo
337 3747 370 3796 dc
390 3748 497 3796 natura
510 3745 630 3796 bominis
642 3744 794 3796 coniunctus
806 3742 886 3792 fnisse
900 3739 1013 3790 uidetur.
1050 3737 1088 3786 its
1102 3736 1206 3803 quidem
1220 3749 1291 3789 nunc

111 3840 140 3888 in
160 3837 281 3888 omnibns
298 3836 432 3886 codicibus
453 3835 554 3900 legitur.
575 3833 607 3883 cf.
620 3831 735 3882 Littrens
753 3825 1164 3894 l.c.uol.I.p.143.-eode1n
1185 3838 1290 3892 quoque

111 3926 193 3978 modo
215 3925 331 3976 Littr'eus
356 3927 373 3974 l.
394 3941 428 3974 m.
447 3925 464 3974 l.
483 3940 509 3989 p.
531 3925 581 3973 150
600 3925 697 3973 fuctum
716 3937 772 3972 csse
799 3924 882 3988 putat,
906 3923 937 3968 nt
960 3901 1098 3967 Erotinnus
1118 3915 1237 3965 libellum
1256 3913 1291 3963 de

110 4015 298 4084 qeneraticnc
316 4015 383 4064 inter
402 4013 570 4079 Hippocratis
590 4028 668 4078 opera
693 4027 746 4062 non
765 4014 911 4062 enumeret:
930 4007 1029 4058 scilicet
1047 4007 1171 4072 quonium
1189 4008 1291 4072 partem

111 4103 205 4171 scripti
224 4103 383 4156 denatura
404 4102 527 4170 infantis
545 4117 601 4154 esse
621 4105 744 4153 censeret.

594 4367 805 4384 *mm
