3162 4816
641 323 745 380 xvnll

103 513 280 581 uerborum
318 515 586 602 interpretatione
625 520 797 585 uersentur
828 534 934 601 neque
963 515 998 582 ln
1038 513 1157 580 Galeri
1188 513 1279 580 libris

104 622 269 707 leguntur,
294 621 337 688 ed
358 622 552 696 Erotianum
573 622 745 690 referendo
765 622 831 691 sint
853 626 1028 692 auctorem.
1161 653 1163 662 ν
1279 649 1283 668 ·

197 727 299 796 Vides
320 749 390 798 rem
411 729 507 798 nobis
534 730 750 818 prosperrime
783 730 929 800 cessisse.
975 741 1073 816 super
1110 736 1160 798 est
1181 731 1281 818 igitur
1343 723 1349 732 ’

106 833 205 902 hodie
215 834 363 904 Erotium
372 837 566 923 glossarium
578 836 699 924 duplici
708 839 896 907 recensione
913 836 957 904 ad
970 843 1117 906 nostram
1138 843 1281 904 estatem

106 949 336 1029 propagatum.
381 945 484 1015 altere
513 944 610 1013 sciolo
638 944 780 1030 quodam
799 944 929 1012 bomine
953 950 1085 1012 sectere
1106 945 1142 1010 in
1167 945 1280 1032 elpha-

104 1047 175 1114 beti
203 1048 350 1118 ordinem
378 1049 513 1123 redeete
539 1055 573 1116 et
605 1051 653 1118 ita
675 1033 865 1121 detn‘onoete
891 1057 951 1136 est,
981 1057 1019 1120 ut
1047 1071 1279 1139 saepenumero

102 1155 298 1225 motionum
330 1158 365 1226 in
403 1157 560 1231 Erotiaoe
593 1158 651 1224 uix
684 1178 861 1244 sguceeere
907 1179 967 1226 noe
1000 1159 1095 1226 sinat.
1142 1157 1281 1224 alterius

102 1268 216 1330 autem
247 1284 314 1330 non
335 1265 523 1351 superstites
555 1269 631 1330 sunt
651 1264 713 1330 nisi
735 1265 873 1334 laciniae
896 1285 939 1332 ex
960 1265 1103 1352 genuino
1132 1263 1281 1332 Ereliam

101 1371 215 1438 lexico
235 1391 309 1438 eum
331 1355 495 1456 integrum
518 1370 624 1438 adhuc
646 1376 680 1438 et
701 1373 792 1441 seluo
815 1372 928 1441 ordine
957 1373 1093 1461 pristino
1117 1377 1203 1439 esset
1225 1370 1281 1438 de·

100 1483 247 1564 emptae,
277 1499 360 1566 quoe
382 1479 417 1546 in
440 1479 634 1556 scholiorum
656 1478 795 1551 formem
816 1479 968 1548 redactae
1000 1479 1135 1565 singulis
1164 1478 1280 1567 quibus

100 1585 309 1672 exponendis
321 1585 502 1655 insoniunt
516 1586 595 1654 locis
612 1585 798 1674 adscriptae
816 1589 951 1676 sunt.²²)
984 1593 1155 1674 utromque
1166 1599 1282 1655 moen·

102 1694 229 1762 sionem
257 1699 443 1780 separatam
466 1693 610 1777 exhibui,
634 1698 670 1760 ut
694 1693 773 1780 quid
793 1694 954 1779 genuinae
984 1690 1281 1782 recensionisquid

106 1800 329 1887 epitomatoris
352 1802 395 1868 eit
415 1799 525 1868 stetim
548 1800 744 1869 dinoscetur.
789 1801 917 1868 initium
938 1801 1061 1868 iaciunt
1085 1801 1280 1886 fragments,

105 1929 190 1996 quse
211 1910 247 1976 in
268 1908 398 1974 scholiis
419 1909 580 1993 legrmtur.
627 1927 738 1976 eorum
753 1929 831 1976 uero
854 1912 891 1977 ut
912 1929 964 1977 res
981 1907 1146 1981 fertbeud
1161 1908 1281 1992 exigue

101 2037 183 2104 pars
204 2015 348 2082 continet
367 2015 503 2100 glossas,
519 2035 604 2102 quae
625 2015 702 2098 iem,
718 2020 876 2101 utsupra
894 2015 1015 2100 monui,
1036 2015 1176 2083 elexico
1194 2013 1280 2083 edito

102 2121 257 2208 cognitae
283 2127 376 2190 sunt:
400 2142 483 2209 quee
507 2122 584 2208 quin
605 2121 656 2206 ibit
674 2126 898 2208 repeterentur
920 2141 959 2188 eo
982 2121 1089 2191 minus
1117 2121 1281 2208 prohiberi

102 2230 223 2316 potuit,
247 2249 310 2316 quo
330 2227 533 2316 manifestius
557 2249 759 2308 communem
771 2230 929 2314 originem
945 2229 1088 2316 produnt
1109 2235 1142 2297 et
1160 2228 1282 2319 quippe

106 2357 191 2424 quae
212 2357 298 2404 nune
321 2337 483 2425 pleniores
498 2357 583 2406 nune
598 2337 762 2406 breuiores
778 2335 873 2432 editis
895 2336 969 2430 sint.
1017 2335 1143 2404 codices
1157 2331 1282 2419 uere‚e
1373 2387 1375 2394 ,

108 2443 225 2530 quibus
245 2445 326 2512 beeo
341 2444 478 2510 frustula
492 2445 613 2531 partim
633 2443 730 2531 primi
748 2443 985 2530 publicabimus
1008 2448 1066 2508 eut
1085 2443 1285 2528 contegimus

104 2550 226 2641 partim
249 2551 431 2638 publicatas
453 2551 519 2618 iam
542 2550 763 2638 repetierimus,
778 2550 820 2621 ob
836 2570 1006 2618 numerum
1021 2554 1055 2618 et
1078 2550 1154 2635 quia
1167 2549 1284 2620 iisdem

103 2664 206 2746 etque
225 2657 369 2729 Littrdns
392 2681 447 2727 ecs
470 2659 599 2745 signaui
620 2660 716 2744 notis,
748 2665 785 2727 ut
817 2660 908 2748 apud
940 2680 1015 2729 eum
1047 2661 1284 2728 edomationem
1317 2655 1319 2664 '

101 2767 256 2835 notitiem
277 2767 407 2835 haurire
429 2767 628 2854 possis,hcc
650 2768 722 2836 loeo
754 2767 944 2854 singiliatim
977 2789 1144 2841 recensere
1174 2787 1282 2854 neque

102 2895 228 2964 operes
250 2875 390 2964 pretium
412 2895 517 2963 neque
540 2875 674 2956 abarim
696 2877 852 2942 momenti
872 2894 942 2944 esee
958 2876 1047 2942 duxi.
1093 2882 1158 2944 tres
1173 2881 1285 2944 temen

98 3004 217 3050 eorum
233 2981 414 3068 significare
433 2982 563 3069 ridetur
585 2989 850 3068 consentaneum,
865 2985 943 3072 quic
963 2984 1152 3070 primarium
1174 2984 1283 3050 locum
1364 2981 1366 2984 ’

98 3094 191 3161 inter
212 3090 323 3178 libros,
351 3090 466 3178 quibus
499 3090 621 3166 sobolis
650 3091 863 3175 mutuentur,
891 3111 965 3158 eum
990 3096 1123 3178 propter
1154 3092 1282 3178 sepiem

98 3205 175 3268 tum
198 3204 332 3287 propter
352 3199 586 3286 praestantiam
609 3199 803 3268 scholiorum
825 3199 982 3266 obtinent.
1027 3205 1103 3266 sunt
1125 3200 1211 3271 enim
1233 3199 1283 3266 hi:

99 3306 286 3377 Vaticanus
315 3327 403 3376 num.
435 3314 500 3373 277
533 3307 605 3374 =V
639 3307 679 3374 ci.
712 3306 855 3376 Littreos
878 3313 901 3374 t
924 3306 958 3376 X
980 3326 1014 3395 ps
1034 3306 1113 3392 LX;
1140 3307 1283 3374 Urbinas
1320 3361 1322 3365 ,

98 3436 136 3481 n.
162 3421 204 3502 6β
237 3413 310 3480 =U
332 3413 372 3480 cf.
394 3413 537 3482 nicusus
559 3415 582 3480 l
605 3415 628 3482 l.
650 3436 682 3503 p.
706 3413 788 3483 L‘XI
818 3420 850 3482 et
890 3413 1032 3480 Parisini
1066 3413 1183 3482 ecdicio
1218 3415 1282 3484 duo

99 3519 275 3588 uolumine
296 3517 441 3588 numeris
461 3529 547 3592 2254
563 3528 597 3591 et
618 3530 704 3590 2255
729 3521 940 3609 signateuD
956 3527 989 3590 ct
1010 3521 1050 3588 Ε.
1075 3521 1115 3589 ef.
1137 3521 1282 3590 Ilioneus

176 3759 224 3824 22)
242 3757 302 3808 Non
318 3756 431 3826 indigna
445 3773 524 3824 quam
540 3756 587 3810 bie
600 3757 763 3824 reponemus
774 3759 814 3808 est
825 3753 1005 3821 Derenlbergii
1015 3755 1034 3806 1.
1047 3773 1070 3808 e.
1083 3771 1111 3822 p.
1124 3757 1176 3808 ee1
1191 3757 1283 3822 opinio

99 3848 139 3900 de
156 3847 284 3898 hodierne
301 3846 380 3897 lexici
399 3845 559 3899 condicione.
596 3845 726 3911 enipeum
737 3845 814 3900 endis
833 3845 870 3896 ‘ir
884 3859 919 3896 ne
936 3845 1028 3899 serae
1045 3859 1103 3910 pas
1121 3848 1285 3912 impossible

99 3951 160 4004 que
182 3938 209 3987 te
228 3936 340 4000 tectique
352 3913 501 3984 d’ldrotien
515 3934 557 3986 ait
575 3929 619 3985 e'te'
634 3933 773 4013 recaeiltt,
785 3931 875 3986 meme
888 3948 957 3986 oceo
976 3949 1010 3986 ea
1026 3933 1157 4004 pre'sooe,
1176 3950 1229 3986 eur
1240 3937 1283 3988 tes

98 4039 222 4092 marpee
240 4024 309 4076 d'oa
327 4023 488 4076 manuscrit
507 4025 724 4092 d'lls‘ppoorate,
744 4025 800 4076 ecit
824 4038 877 4092 que
903 4027 947 4076 les
967 4022 1086 4076 articles
1105 4039 1123 4088 y
1142 4025 1218 4078 aient
1238 4022 1283 4076 e'te'

99 4111 252 4180 dispersis
270 4117 325 4166 tels
345 4129 397 4183 que
416 4127 487 4166 noos
505 4117 548 4166 tes
569 4111 726 4180 possedeas
745 4113 941 4180 aujouramot,
965 4113 1021 4165 soit
1043 4127 1095 4181 que
1113 4115 1140 4165 le
1156 4113 1283 4176 premier·

100 4205 225 4270 copiola,
243 4205 291 4271 qni
308 4208 352 4258 tes
377 4221 396 4256 a
419 4201 528 4272 firmis,
546 4206 589 4258 ait
605 4207 669 4270 pm
686 4209 852 4274 moment,
870 4208 900 4258 et
917 4217 988 4256 scm
1007 4205 1091 4256 acute
1109 4217 1143 4255 en
1160 4206 1205 4255 les
1220 4217 1284 4255 sao·

100 4292 216 4362 fflfiant,
236 4308 310 4348 ceum
328 4295 375 4360 poi
391 4290 658 4360 l’s'atdressos'antde
674 4293 758 4362 ptris?
