3080 4814
832 260 907 316 nxn

288 447 403 536 quibus
426 448 500 520 libri
529 448 683 515 ¹meliores
707 453 832 514 scatent
862 447 982 520 mendo
1009 447 1166 521 'adcurate
1195 443 1346 532 mddunt,
1373 463 1450 532 quoe

286 560 401 620 cuncta
415 555 443 620 si
458 555 614 622 uoluisset
626 553 822 622 Eustachius
845 554 913 621 leui
935 575 1035 620 manu
1056 554 1171 620 toilerc
1193 553 1309 640 potuit.
1356 555 1451 620 altera

283 681 363 726 uero
378 681 420 728 ex
442 668 534 748 porte
552 667 604 734 ,tot
626 668 757 748 tamque
766 662 925 746 egregiae
942 663 1097 730 lectiones
1118 663 1154 730 in
1170 662 1317 728 editione
1340 664 1451 746 insunt,

283 774 319 833 ut
335 789 353 834 e
366 769 554 836 correctoris
570 769 700 853 ingenio
716 789 922 854 nequaqnam
935 770 1094 855 proficisci
1108 769 1283 856 potuerint.
1331 775 1453 858 praeter

272 875 324 944 'aa
346 876 539 944 Eustachius
562 877 596 944 in
626 875 959 950 animaduersionibus
982 897 1063 964 quas
1086 877 1211 944 addidit
1231 877 1322 944 baud
1353 899 1453 966 pauca

287 983 459 1050 emendare
493 983 616 1050 studuit
651 983 899 1071 emendauitque
923 984 1002 1050 locis
1024 983 1276 1072 Hippocratiois
1299 985 1346 1050 ad
1382 1007 1454 1072 quos

285 1090 433 1156 Erotiani
470 1089 597 1174 glossae
635 1095 793 1178 spectant,
833 1090 1078 1176 diligentissime
1117 1093 1316 1180 conquisitis.
1363 1113 1456 1180 quare

285 1197 369 1262 bene
391 1198 526 1264 meritae
549 1201 624 1262 sunt
646 1195 770 1278 laudm,
795 1209 883 1284 quas
897 1197 929 1265 ei
953 1197 989 1264 Ο.
1013 1197 1167 1264 Barthins
1201 1199 1454 1266 aduersariomm

288 1305 445 1373 XXXIII
470 1313 486 1368 1
511 1310 544 1372 et
565 1303 709 1370 LIII14
730 1307 852 1373 tribuit.
878 1313 919 1356 -’-
983 1376 985 1386 ,

375 1411 487 1478 Editio
510 1431 592 1499 quac
615 1433 700 1478 anno
720 1421 804 1478 1588
821 1413 967 1480 Venetiis
983 1418 1093 1480 secuta
1109 1419 1159 1480 est
1179 1434 1200 1478 a
1215 1413 1455 1482 Mercuriali

287 1526 444 1591 exornata
465 1521 584 1586 nullius
618 1519 685 1586 fare
708 1521 908 1588 auctoritatis
931 1527 990 1606 est,
1028 1521 1148 1609 quippe
1182 1543 1266 1609 quoe
1302 1521 1456 1609 Stephani

289 1636 416 1699 textum
431 1643 584 1714 graecum
605 1649 670 1694 una
694 1649 766 1694 cum
784 1629 953 1696 Eustachii
975 1631 1125 1696 ucrsione
1149 1631 1261 1714 latina,
1285 1651 1371 1718 quae
1394 1651 1456 1696 sae

287 1737 419 1824 pissime
443 1737 484 1802 ab
509 1757 547 1802 eo
570 1735 743 1824 discrepat,
765 1745 914 1804 recusum
936 1738 1129 1804 exhibuerit.

381 1844 511 1932 Optime
534 1867 611 1912 uero
635 1845 781 1910 omnium
802 1844 843 1912 de
865 1845 1022 1913 Hmtiano
1050 1845 1183 1914 mortus
1206 1849 1256 1912 cst
1287 1843 1457 1910 Acutius

288 1951 487 2035 Foesius,
511 1953 654 2018 medicus
676 1953 949 2036 Mediomatricos,
972 1954 1008 2018 in
1031 1952 1220 2020 oeconomia
1253 1951 1457 2038 Hippocratis

288 2057 456 2144 alphabeti
478 2060 560 2129 serie
582 2060 733 2127 distincta
749 2065 782 2126 ct
802 2059 1005 2128 Francofnrti
1028 2081 1057 2126 a.
1085 2065 1169 2124 1588
1185 2057 1284 2142 edita,
1300 2081 1384 2147 quoe
1400 2079 1458 2127 una

291 2183 364 2230 cum
385 2165 542 2236 Xrotiano
559 2173 674 2252 postea
694 2167 778 2233 inter
796 2165 1008 2253 Hippocratis
1026 2165 1148 2251 scripte
1163 2163 1358 2232 Generosa.
1380 2175 1456 2234 1662

288 2273 428 2359 repetita
462 2280 521 2340 est.
571 2275 599 2341 is
631 2274 718 2341 enim
751 2274 837 2340 niem
870 2295 968 2360 quam
1002 2273 1196 2340 Eustachius
1229 2279 1458 2340 monstrauerat

1519 1595 1522 1632 t

1520 1845 1523 1900 i

1518 2020 1523 2059 i

1515 2292 1521 2332 t

1516 2332 1521 2362 ι

290 2378 455 2464 ingressus
489 2383 573 2448 bene
603 2379 764 2472 intellexit
796 2401 871 2446 oum
894 2379 1139 2467 Hippocratem
1174 2385 1244 2446 tum
1281 2381 1321 2446 in
1354 2382 1459 2468 primis
1517 2367 1521 2436 Ῐ

294 2485 484 2557 Erotianum
508 2488 674 2560 emendari
691 2508 758 2555 non
779 2509 875 2576 posse
896 2488 959 2554 nisi
980 2487 1191 2574 Hippocratis
1214 2487 1304 2572 locis,
1320 2491 1459 2577 equibus
1518 2521 1520 2582 3

290 2594 440 2661 Erotiani
475 2599 566 2674 λεἙιις
601 2602 716 2662 emtas
753 2601 838 2679 sunt,
866 2595 1010 2662 studiose
1055 2595 1211 2681 quaesitis
1242 2596 1458 2686 indicatisque.

1517 2599 1521 2663 i

289 2723 391 2792 quare
429 2703 491 2776 hoc
522 2703 661 2774 molesta
698 2701 830 2790 quidem
865 2707 902 2770 at
938 2701 1011 2770 ntili
1043 2707 1155 2771 mman
1186 2723 1285 2792 opera
1317 2708 1459 2791 suscepta
1516 2676 1521 2831 1

290 2810 469 2879 maximam
491 2812 671 2898 glossarum
694 2815 821 2898 partem
837 2871 839 2878 ,
854 2810 897 2877 ad
927 2811 1082 2879 stationes
1112 2833 1187 2878 suos
1201 2813 1389 2896 reuocent
1419 2813 1460 2876 its

294 2923 332 2994 ut
353 2939 439 2990 nunc
460 2941 525 2986 uno
549 2919 693 2988 alterans
714 2920 833 3006 rectus
867 2918 1068 2990 conlocanda
1100 2919 1310 3008 relinquatur.
1364 2920 1457 2988 uerba
1515 2964 1523 2988 ι

292 3031 403 3095 autem
425 3025 573 3095 Erotiani
594 3028 667 3114 ipso
690 3059 732 3081 *2-
756 3032 792 3094 ut
814 3047 888 3095 rara
917 3027 954 3092 in
987 3027 1046 3092 tali
1083 3027 1212 3094 homine
1242 3028 1458 3094 coniunctione

291 3149 364 3200 cum
385 3139 532 3200 ueterum
566 3136 646 3221 artis
674 3134 914 3203 medicae-tum
937 3134 1083 3201 omnino
1099 3133 1232 3219 linguae
1265 3155 1405 3220 &aecae
1432 3138 1459 3200 ot

291 3241 467 3328 praecipua
491 3241 637 3310 dictonis
651 3241 912 3328 Hippocraticae
934 3241 1101 3308 scientiam
1126 3241 1402 3328 conplectebatur,
1425 3279 1459 3290 —

289 3353 357 3416 tam
379 3349 541 3436 sagaciter
563 3348 761 3435 feliciterque
771 3347 968 3431 emendarit,
981 3354 1017 3416 ut
1033 3347 1459 3434 plurimaeconiactnrarum

290 3478 421 3525 suarum
440 3456 750 3542 codicibusoptimis
773 3477 860 3524 nunc
881 3456 1034 3524 accuses
1052 3457 1203 3524 'conlatis
1216 3457 1458 3544 conprobantur.

291 3566 442 3652 quocirca
463 3567 521 3632 uix
542 3566 643 3633 ullam
661 3585 817 3652 umquam
833 3565 972 3632 euolues
993 3566 1173 3652 plagulam,
1196 3585 1285 3654 quae
1316 3565 1458 3634 emenda·

287 3666 403 3743 tricem
415 3675 494 3744 :eius
515 3693 647 3744 manum
668 3694 735 3740 non
756 3673 967 3760 exportarit.

379 3780 477 3866 Piget
505 3781 674 3864 noactsi·
692 3781 793 3848 uerbo
816 3785 955 3862 tantum,
981 3779 1138 3845 Reneti
1162 3777 1377 3846 Oherterii
1403 3775 1458 3842 eti·

291 3887 415 3960 masma
432 3889 589 3972 Hmtiani,
615 3907 712 3976 quam
735 3887 855 3955 celebri·
874 3888 922 3952 illi
943 3885 1154 3974 Hippocratis
1178 3889 1313 3972 operum
1335 3881 1458 3952 editioni

168 3989 172 3996 ’
292 4013 376 4063 anno
402 4001 490 4062 1639
509 3995 598 4067 foras
613 3995 710 4063 datae
724 3996 920 4080 anteposuit,
936 3995 989 4060 hie
1000 3993 1212 4060 auferendam
1234 4014 1316 4060 ¹esse.
1360 4009 1458 4057 recen-

248 4108 253 4117 ’
293 4103 417 4180 siccem
448 4102 537 4176 enim
566 4101 832 4188 Stephanionem,
863 4103 1001 4188 receptis
1033 4121 1120 4191 quas
1141 4101 1196 4168 ille
1223 4102 1258 4166 in
1289 4097 1457 4166 adnotatio·

293 4208 389 4276 nibus
410 4209 601 4291 coniecerat,
625 4214 691 4275 tam
714 4209 812 4276 anxio
833 4214 1038 4292 secutusest,
1053 4214 1090 4274 ut
1100 4208 1338 4275 etiamerrores
1346 4205 1454 4294 tppho·
