3080 4814
797 271 848 328 nu

237 405 376 550 ideopae
403 467 458 554 qui
479 463 642 532 interdum
664 465 850 532 consulatuu-
870 463 1072 552 dignns'est,
1097 461 1184 550 qnod
1206 462 1240 528 in
1262 458 1409 547 margine

235 570 402 659 Pelmultifl
413 572 492 640 1⁰0ss
507 572 670 662 adscripta
685 581 735 644 est
749 576 831 643 alius
846 573 920 640 libri
938 570 1165 658 discrepantia,
1182 589 1265 656 qnae
1276 567 1408 656 optimis

236 676 425 766 plerumque
440 678 529 748 libris
552 683 779 768 conprobatur.
812 686 942 771 praeter
964 700 1004 746 ea
1027 677 1091 744 alia
1107 675 1268 765 quaedam
1290 695 1407 742 manus
1446 689 1450 706 ¹

236 785 427 871 perelegans
458 790 556 874 atque
579 787 622 854 ab
644 789 848 856 antecedenti
871 806 944 854 cnm
967 787 1145 853 litteramm
1167 783 1408 850 characteribus

236 895 306 956 tum
328 897 509 960 atramento
525 915 655 981 prorsus
679 895 807 964 diuersa
829 915 896 960 non
917 892 1013 958 nullis
1036 891 1114 958 locis
1129 891 1231 956 bonas
1251 889 1408 958 lectiones

166 995 167 1002 ’
237 996 305 1064 siue
320 999 435 1083 mauis,
457 1000 544 1088 quod
565 1001 646 1068 mihi
667 1021 795 1092 qnoque
817 1021 883 1070 non
906 999 1097 1088 displicebit,
1115 998 1408 1066 coniecturas‘ene·

236 1105 335 1172 teuit:
366 1125 447 1191 quas
478 1105 520 1173 ab
542 1106 685 1175 Henrico
709 1109 877 1197 Stephano
900 1108 1061 1196 proiectas
1085 1127 1155 1172 esse
1175 1103 1264 1171 haud
1296 1105 1409 1193 inepte

237 1213 418 1300 suspicatus
436 1219 486 1282 est
502 1215 655 1284 (lebetas.
702 1223 789 1285 certo
813 1217 899 1283 enim
922 1216 1107 1304 Stephanus
1126 1214 1212 1280 hune
1233 1212 1351 1280 librum
1371 1213 1409 1280 in

239 1320 381 1388 editione
403 1343 462 1387 sua
484 1321 633 1388 Erotiani
648 1322 836 1390 adornanda
852 1322 1008 1406 adhibuit,
1025 1321 1101 1409 quia
1115 1320 1269 1387 lectiones
1283 1319 1408 1403 uariae,

240 1447 321 1514 quas
354 1427 389 1492 in
431 1427 692 1498 adnotationibus
738 1453 772 1519 p.
808 1437 983 1497 116-154
1030 1430 1148 1514 attrrlit,
1183 1434 1311 1496 tantum
1339 1445 1409 1492 non

237 1555 349 1602 omnes
371 1535 513 1602 nuncin
534 1536 645 1603 codice
668 1542 701 1604 et
729 1539 797 1606 eius
829 1539 977 1624 margine
1008 1536 1224 1608 inueniuntur.
1268 1535 1297 1600 si
1328 1553 1409 1600 nero

236 1663 303 1710 non
317 1644 426 1710 nullae
446 1643 487 1709 ab
508 1643 554 1709 eis
578 1665 657 1731 quas
672 1646 834 1732 margines
852 1645 1006 1712 exhibent
1020 1643 1135 1710 leuiter
1158 1643 1349 1728 discrepent,
1372 1641 1410 1707 id

235 1751 333 1817 facile
356 1749 535 1838 explicatur
551 1750 648 1818 modo
665 1771 728 1840 quo
744 1759 813 1819 tum
828 1751 983 1840 temporis
997 1750 1058 1816 uiri
1075 1750 1161 1816 docti
1175 1749 1210 1814 in
1225 1747 1409 1816 adferendis

237 1857 383 1924 codicum
405 1857 597 1924 lectionibus
624 1860 807 1928 utebantur.
853 1866 993 1927 osterum
1023 1879 1074 1925 res
1110 1857 1260 1924 facillirnc
1294 1855 1410 1922 confici

236 1969 357 2052 posset,
381 1965 409 2030 si
432 1963 510 2051 quid
532 1985 553 2030 a
576 1965 734 2053 Stephani
762 1987 862 2033 mann
893 1968 1048 2054 scriptum
1077 1965 1288 2054 reperiretur:
1320 1963 1410 2051 qnod

236 2093 343 2162 neque
365 2072 490 2140 Oobeto
513 2093 619 2162 neque
641 2074 730 2160 mihi,
761 2095 835 2142 cum
861 2073 994 2141 Parisiis
1019 2067 1228 2159 degeremus,
1264 2067 1409 2157 configit

296 2190 300 2196 '
327 2182 455 2251 Deinde
478 2183 751 2250 commemorandi
771 2188 864 2251 sunt:

325 2305 506 2373 F=codex
526 2303 731 2374 Parisinus
746 2315 843 2392 2614,
860 2309 937 2374 olim
949 2307 1269 2394 Oolbertinus2228,
1284 2305 1410 2392 Regius

240 2421 326 2558 Ἦ)
360 2415 547 2524 chartaceus
581 2413 685 2481 forma
732 2415 883 2482 fohorum
921 2417 1049 2483 saeculo
1082 2415 1220 2484 XVImo
1260 2414 1409 2502 scriptus,

241 2593 296 2681 qni
332 2591 417 2658 foliis
457 2599 497 2657 27
524 2591 641 2660 solum
674 2591 867 2669 Erotiannm
907 2595 1058 2664 mutiret.
1118 2595 1153 2662 in
1185 2595 1294 2685 primo
1330 2594 1410 2663 tolio

238 2779 356 2870 legitur
388 2777 541 2858 doctor-ze
566 2785 601 2848 et
629 2781 664 2848 in
692 2745 757 2854 fine
789 2783 864 2851 libri
878 2737 984 2912 Ξῗῖξ.
1026 2783 1130 2855 codex
1151 2784 1362 2871 neglegenter
1377 2787 1412 2850 et

239 2932 394 3000 mendose
417 2937 569 3000 exaratus
590 2937 641 3001 est
663 2953 684 3000 a
705 2933 836 3002 librario
858 2935 990 3024 linguae
1011 2954 1148 3022 massae
1170 2931 1411 3023 imperitissimo,

238 3041 285 3106 ita
307 3045 344 3106 ut
367 3061 451 3128 quae
471 3041 507 3108 in
526 3039 702 3130 archetypo
732 3063 791 3110 suo
823 3044 959 3130 legerer
977 3063 1044 3112 nen
1074 3043 1238 3110 intellecta
1270 3040 1410 3109 fideliter

240 3148 448 3238 depingeret:
464 3149 554 3216 ouius
569 3150 616 3217 rei
631 3150 917 3218 luculentissimum
929 3149 1113 3238 exemplum
1127 3147 1228 3218 habes
1242 3173 1275 3238 p.
1292 3157 1346 3238 58,
1366 3159 1407 3218 14

239 3257 316 3340 τάμε
338 3256 422 3325 τᾶνω
445 3240 554 3344 θρείας
567 3278 628 3345 pro
655 3258 692 3324 τὸ
724 3259 803 3343 μετὰ
836 3259 997 3343 cauteriar.
1044 3259 1239 3346 exemplum,
1266 3280 1310 3327 ex
1343 3279 1408 3348 quo

238 3364 291 3431 hic
312 3365 396 3432 liber
415 3365 519 3452 duxit,
548 3365 615 3430 iarn
635 3365 721 3432 rriiiis
754 3366 929 3433 innumeris
952 3368 1079 3453 scatent,
1104 3383 1238 3456 qnorum
1268 3367 1407 3456 plurIma

237 3472 414 3559 scripturae
446 3472 633 3560 conpendiis
666 3492 838 3562 perperam
868 3474 1039 3543 intellectis
1074 3476 1232 3562 originem
1266 3476 1406 3564 dobent3

237 3579 382 3667 inprimis
404 3599 482 3646 uero
504 3579 628 3646 lacunis
652 3579 817 3648 foedatum
844 3589 923 3649 erat.
967 3583 1053 3650 unde
1075 3585 1259 3650 correctoris
1292 3605 1407 3653 manus

238 3707 312 3752 oum
331 3689 464 3754 lacunas
486 3693 538 3754 sat
559 3690 678 3755 multas
701 3689 845 3776 expleuit
866 3696 936 3758 turn
957 3691 1112 3758 lectiones
1132 3693 1300 3779 conplures
1316 3711 1407 3780 egre·

238 3794 320 3881 gias,
336 3814 471 3886 quarum
486 3796 609 3887 aliquot
624 3816 697 3865 curn
713 3799 840 3887 optimis
857 3797 1020 3894 codicibus
1037 3801 1251 3885 consentiunt,
1267 3802 1407 3888 margini

238 3903 418 3992 adscripsit.
463 3925 599 3992 quarum
620 3925 697 3993 pars
719 3925 839 3992 magne
870 3927 1065 3994 quamquam
1099 3907 1301 3974 coniecturae
1336 3931 1408 3977 esse

238 4011 398 4098 uidentur,
421 4016 532 4080 tamen
545 4033 622 4080 uere
638 4013 789 4100 egregiae
804 4019 887 4098 sunt,
904 4018 941 4079 ut
967 4034 1022 4080 eas
1047 4013 1179 4081 minime
1210 4016 1407 4102 spernendas

238 4139 309 4186 esse
330 4120 522 4208 putauerim.
568 4121 637 4188 dns
659 4119 748 4194 modi
771 4127 846 4187 sunt
859 4128 896 4188 ut
911 4143 931 4187 a
946 4109 1249 4211 lacunisinoipiam:
1265 4147 1298 4210 p.
1316 4133 1368 4208 36,
1387 4135 1407 4189 ‘2

237 4228 314 4296 tol
340 4234 542 4318 θεραπευτικὰ
566 4251 650 4318 quae
671 4232 705 4298 in
738 4231 885 4297 omnibus
919 4229 1009 4296 libris
1043 4230 1176 4317 desunt,
1202 4219 1243 4319 p.
1268 4239 1320 4317 33,
1347 4241 1406 4298 14:
