3162 4816
550 751 758 848 CAPUT
787 751 864 847 IH.
935 831 939 848 .
1021 765 1023 769 ’

207 977 302 1047 Libri
328 999 428 1046 mann
459 980 579 1068 scripfi,
607 980 723 1068 quibus
754 980 903 1048 Esotimd
938 979 1130 1067 glossarium
1159 979 1292 1047 circum

124 1083 231 1172 fertnr,
254 1087 290 1154 in
312 1087 549 1158 adcurationem
570 1089 720 1156 notitiam
740 1109 849 1154 meam
878 1091 1097 1176 peruenennnt
1123 1091 1205 1154 octo.
1251 1109 1293 1156 ex

124 1194 234 1279 quibus
259 1216 334 1264 oum
356 1203 464 1266 astaco
485 1203 555 1264 tum
577 1177 697 1266 uirtute
716 1197 857 1284 primum
879 1195 987 1262 locum
1009 1192 1071 1260 sibi
1092 1194 1198 1279 poscit

208 1305 391 1374 A=oodex
410 1307 649 1374 Vaticanus
674 1312 737 1372 niu
753 1303 942 1372 chmtacens
964 1299 1069 1367 forma
1089 1303 1293 1386 quaternaria

125 1411 242 1480 maiore
263 1415 386 1482 saeculi
407 1413 524 1499 xm,
547 1412 603 1502 qui
624 1412 709 1480 loliis
740 1419 805 1478 474
839 1409 975 1480 constat.
1021 1407 1164 1474 continet
1196 1431 1291 1478 nero:

207 1520 388 1589 fcl.1-1o
411 1523 595 1606 ’Epwrtccosi
614 1523 678 1588 τῶν
692 1519 762 1604 παρ’
784 1515 961 1603 ἷπποκράτει
984 1513 1095 1592 isiacae
1118 1518 1291 1607 συναγωγή.
1407 1585 1412 1590 ,

205 1627 262 1694 iol.
289 1637 328 1694 11
356 1628 533 1720 Octalogus
548 1627 740 1714 scriptorum
761 1622 1078 1712 Hippocraticonnm.

206 1734 421 1803 f01,1‘„>‘-.24
467 1727 591 1803 Galesi
607 1735 809 1822 glossarium.

205 1843 262 1912 fol.
287 1852 418 1911 nc-ne
437 1845 586 1912 Soranus
608 1844 650 1911 de
670 1843 740 1912 uta
762 1847 798 1910 et
817 1859 936 1928 genere
958 1839 1179 1928 Hippocratis.

207 1948 267 2014 fol.
293 1957 445 2016 26-474
467 1951 677 2038 Hippocratis
699 1951 829 2038 scripta,
853 1967 989 2036 quorum
1011 1967 1180 2016 recensum
1202 1946 1292 2016 dedit

110 2049 262 2142 ‚Littrdns
286 2058 321 2122 in
344 2057 487 2125 editione
507 2057 716 2146 Hippocratis
738 2049 803 2122 ucl'.
826 2055 861 2121 X
881 2076 915 2143 p.
938 2051 1012 2120 Lx.
1055 2054 1091 2120 in
1112 2053 1175 2122 hac
1196 2059 1291 2142 parte

124 2160 235 2230 codicis
260 2171 312 2232 sat
345 2166 447 2233 multe
476 2165 676 2252 marginibus
706 2163 869 2250 adscripta
901 2161 1054 2248 legimini
1084 2161 1217 2246 scholia,
1249 2161 1291 2230 de

123 2271 231 2355 quibus
242 2273 321 2340 uide
333 2274 455 2360 quaein
469 2273 557 2340 hisee
571 2273 810 2360 prolegomenis
823 2293 857 2358 p.
866 2269 969 2336 XVII
976 2290 1024 2357 sq.
1041 2269 1289 2362 disputavimus.

206 2379 304 2456 Quod
326 2381 369 2446 ad
391 2381 591 2452 Elroticnum.
604 2381 729 2464 attinet,
752 2380 782 2448 is
810 2379 851 2444 ab
879 2398 945 2444 nna
978 2376 1156 2466 eademque
1188 2375 1288 2446 manu

123 2501 180 2549 uno
202 2493 317 2555 tenore
346 2489 483 2577 scriptus
498 2495 557 2556 est.
602 2490 686 2556 inter
712 2487 857 2574 singndos
879 2485 1031 2554 articonlos
1059 2487 1213 2574 exiguum
1240 2487 1290 2552 in-

123 2591 214 2660 terest
236 2595 379 2682 spatium
402 2601 435 2664 et
455 2595 557 2662 uerba
579 2595 661 2682 α’ρχὴ
684 2604 739 2662 τοῦ
763 2623 782 2660 c
804 2602 825 2680 pl
845 2599 906 2660 ete.
931 2613 1059 2680 semper
1080 2594 1116 2660 in
1138 2595 1284 2680 margine

123 2693 190 2766 libri
217 2701 381 2788 leguntur.
404 2699 583 2770 ‘inieriores
598 2703 725 2770 vcodicis
741 2709 852 2792 partes
874 2703 1014 2789 pessime
1036 2723 1072 2769 se
1092 2701 1216 2768 hebent
1238 2701 1286 2768 ita
1328 2759 1333 2774 .

123 2808 156 2868 ul
174 2806 312 2896 litterae,
341 2833 425 2898 qnae
454 2812 488 2878 in
522 2813 568 2878 eis
595 2811 734 2898 scriptae
764 2815 848 2895 sunt,
872 2809 934 2876 nisi
956 2829 1077 2894 magna
1099 2808 1288 2876 difficultate
1343 2795 1346 2804 ¹

124 2909 184 2997 legi
218 2937 287 2984 non
323 2920 457 3006 possint,
491 2939 554 3007 quo
587 2918 716 2985 adsedit
750 2917 836 3006 qnod
867 2917 909 2984 ab
939 2917 1069 2983 homine
1098 2915 1285 3005 posterioris

124 3023 233 3091 aeuus
266 3026 385 3092 rasonis
412 3025 552 3094 infectae
574 3030 658 3092 sunt.
703 3024 789 3090 hunc
812 3023 955 3090 codicem
978 3043 1089 3090 corum
1123 3044 1204 3111 qnos
1231 3043 1289 3089 no·

124 3123 220 3196 ulmus
242 3133 556 3220 praestantissimum
577 3132 780 3200 Bahlnnanno
802 3153 874 3198 meo
905 3129 1124 3197 intercedente
1156 3131 1285 3198 Ulricus

125 3226 261 3306 Kochler
280 3239 325 3306 ad
351 3238 791 3306 eduoncmolcrccncnam
813 3238 847 3305 in
869 3257 977 3304 meum
1005 3256 1099 3305 nsum
1133 3237 1288 3312 adcurate

126 3347 267 3414 excusis.
297 3385 339 3398 -—
361 3347 497 3414 Praeter
518 3349 603 3414 hunc
626 3349 724 3414 mam
746 3348 831 3414 alius
851 3347 886 3413 in
908 3345 1070 3414 Vaticana
1091 3345 1289 3414 bibliotheca

124 3447 306 3520 adseruntur
328 3455 432 3522 codex
450 3475 584 3522 numero
599 3463 683 3521 1134
693 3455 875 3540 insignitus,
892 3455 947 3542 qni
969 3453 1161 3522 linctionem
1182 3455 1287 3520 solum

126 3559 276 3647 continet3
299 3560 412 3628 sed‘in
428 3581 558 3628 censum
572 3561 685 3629 uenire
706 3563 828 3648 nequit.
873 3563 900 3627 is
924 3563 1011 3628 enim
1034 3563 1161 3628 saeculo
1184 3561 1287 3629 XVH

125 3675 268 3737 exaratus
300 3669 380 3736 nihil
410 3670 578 3754 alludent,
602 3676 639 3738 nt
653 3692 714 3758 ,me
747 3669 891 3738 Kochler
914 3670 1082 3736 certiorem
1104 3669 1191 3754 fecit,
1223 3667 1286 3734 nisi

126 3767 395 3844 cinnamomum
423 3778 584 3845 ‘Vaticani
625 3787 688 3844 277
737 3779 962 3867 apographon:
999 3777 1120 3866 quippo
1153 3797 1219 3843 non
1251 3777 1287 3841 in

127 3877 337 3951 minutissimis
352 3886 457 3952 solum
472 3885 559 3952 uitiis
583 3905 657 3952 cnm
679 3906 717 3951 eo
741 3883 839 3973 plane
863 3873 1031 3970 consentit,
1048 3905 1163 3950 uerum
1186 3883 1285 3950 etiam

126 3976 160 4045 iis
178 3985 263 4076 locis,
280 3991 343 4079 qui·
356 3992 390 4056 in
411 3991 466 4057 illo
490 3997 624 4078 propter
646 3991 837 4080 scriptoram
860 3992 1036 4060 euanidam
1059 3997 1116 4058 aut
1138 3991 1283 4056 ehartmn
1306 4040 1311 4049 Ι

125 4083 236 4164 laesam
258 4100 325 4188 legi
351 4121 417 4166 non
439 4106 585 4187 possunt,
610 4104 739 4169 omnino
767 4108 854 4172 tacet
874 4123 998 4194 nonque
1033 4103 1183 4172 deserit
1218 4104 1286 4175 Va·

127 4193 222 4272 liano
244 4215 307 4273 277
331 4207 508 4276 admodum
530 4207 646 4276 adfinis
669 4217 718 4279 est
