3162 4816
631 315 761 372 XXVIIII

104 504 302 592 plantarum,
325 507 523 594 animalium,
539 507 753 576 *metallorum
776 516 809 577 et
829 512 1079 598 supellectilium
1110 507 1284 618 enarranti

105 613 196 701 quod
211 613 355 683 Gnaeus
371 617 468 704 gloss.
484 639 518 705 p.
534 623 612 701 402,
628 618 680 682 cui
701 618 786 684 hana
807 618 956 684 notitiam
979 618 1145 707 debemus,
1163 638 1283 710 magne

107 724 137 790 ei
158 723 240 792 uitio
260 729 372 814 uertit3
396 728 613 816 queuntium
634 727 705 796 lma
720 728 783 794 lrue
797 729 1109 817 retmlerim'neone,
1137 733 1280 820 ambigo.

109 831 194 918 qnod
222 833 256 898 si
277 834 354 902 feeit
383 833 585 920 Heraclides,
607 855 673 902 non
687 881 690 886 -
705 835 853 902 inutilem
885 837 1003 902 saltem
1040 853 1177 927 operam
1208 859 1284 904 con·

109 938 255 1027 sumpsit,
281 947 318 1008 ut
347 943 502 1010 concedet
532 942 586 1032 qui
613 961 723 1010 seeum
755 931 1007 1011 considerauerit
1033 944 1151 1012 mirum
1183 965 1285 1033 quan-

108 1053 178 1114 tum
201 1069 267 1134 eos,
292 1051 347 1138 qui
362 1051 404 1118 (le
425 1051 546 1118 talibus
567 1050 664 1118 rebus
695 1051 901 1136 scripserunt,
929 1050 1015 1118 inter
1037 1072 1072 1117 se
1102 1051 1283 1120 dissentire.

107 1155 167 1222 sed
188 1159 296 1243 poerit
316 1179 444 1249 quoque
458 1159 540 1226 haec
554 1159 589 1224 in
604 1157 841 1224 commentariis
856 1161 1006 1243 tractare,
1023 1179 1104 1246 quos
1119 1158 1153 1224 ln
1172 1181 1283 1229 omnes

106 1262 321 1350 Hippocratis
342 1266 442 1333 libros
464 1267 508 1332 ab
531 1287 570 1334 ee
594 1266 698 1334 editos
721 1287 793 1331 esse
814 1265 933 1332 scimus
956 1285 998 1332 cx
1021 1265 1147 1334 Gaiano
1169 1287 1284 1334 comm.

106 1371 266 1458 Hippocr.
291 1373 332 1440 ‹le
356 1371 439 1440 offic.
463 1372 548 1440 med.
577 1371 595 1438 Ι
614 1378 639 1438 t.
662 1369 784 1438 XVIH
812 1371 841 1456 B
872 1393 906 1459 p.
929 1380 992 1439 631
1016 1371 1059 1438 Κ.
1122 1373 1170 1439 ita
1197 1374 1283 1440 eninr

105 1477 284 1544 Erotiauus
305 1501 338 1566 p.
365 1489 439 1567 115,
465 1489 484 1547 3
507 1482 809 1568 interpretationem
830 1481 920 1554 uecta
953 1483 1184 1566 calamita-ex
1212 1481 1282 1551 eius

106 1587 342 1654 commentario
366 1588 508 1654 secundo
531 1588 745 1676 in·Hippoer.
765 1588 883 1655 librom
914 1593 1065 1676 quereum
1098 1587 1285 1687 epilemion

108 1691 269 1759 laudauit
312 1693 412 1761 uelde
445 1695 546 1781 igitur
579 1693 754 1762 delendmn
785 1701 844 1780 cst,
876 1695 964 1781 quod
992 1696 1166 1784 quamnam
1202 1695 1286 1762 inter
1356 1777 1360 1786 ,

105 1801 356 1870 commentarios
379 1807 414 1868 et
432 1801 535 1868 lexeis
557 1803 718 1870 rationem
736 1801 928 1870 Heraclides
949 1799 1149 1870 intercedere
1174 1804 1286 1870 uolue-

105 1907 161 1992 rit,
185 1913 295 1974 otrum
323 1909 425 1978 lexeis
447 1911 520 1977 illos
542 1931 585 1976 an
605 1911 654 1978 illi
689 1911 761 1977 nice
793 1931 890 1976 uersa
919 1909 1022 1976 lexeis
1054 1909 1286 1998 suppleuerlnt,

106 2036 244 2106 prorsus
264 2017 437 2084 neseimus.
462 2055 504 2071 «-
528 2017 574 2084 Ut
603 2039 683 2084 uero
716 2017 859 2084 BaechIo
892 2022 926 2084 et
947 2017 1077 2083 Philino
1115 2023 1149 2084 et
1180 2014 1288 2103 Epioli

106 2143 175 2190 uon
200 2122 372 2190 defuerunt
395 2123 450 2210 qui
473 2124 738 2210 contradicerent,
761 2124 808 2191 ita
832 2131 944 2193 corna
975 2123 1158 2190 Heraclidis
1185 2125 1287 2191 lexeis

108 2229 352 2297 uoluminosum
373 2251 465 2320 opus,
490 2232 577 2320 quod
600 2232 780 2300 octodecim
801 2233 902 2300 libros
923 2232 1198 2320 conplectebatur,
1219 2233 1286 2298 ela·

111 2337 241 2406 borauit
262 2337 456 2427 Apollonius
479 2339 629 2408 Citiensis
650 2341 812 2428 (Erotion.
835 2361 868 2428 p.
894 2348 947 2425 32,
967 2343 1011 2426 1),
1032 2359 1128 2429 quern
1143 2341 1283 2409 eundem

111 2465 184 2512 esse>
201 2451 300 2535 atque
315 2446 536 2534 Apollonium4
550 2448 604 2535 qui
621 2453 697 2528 Μῦς
719 2448 911 2537 adpellatur,
927 2448 1066 2536 probare
1090 2447 1194 2516 adnisi
1209 2455 1285 2518 sunt

108 2553 321 2642 Spu-angeline
349 2555 449 2642 pescli.
473 2555 531 2620 der
551 2555 688 2620 modicia
710 2556 729 2621 I
752 2563 816 2623 559
844 2561 877 2624 et
907 2555 1077 2624 Harlesius
1100 2557 1185 2622 anal.
1208 2556 1282 2626 hist.

106 2661 147 2730 de
168 2661 356 2749 Archigene
379 2669 412 2730 et
434 2663 475 2730 de
496 2663 679 2756 Apelloniis
705 2663 839 2731 medicis
865 2687 899 2752 p.
926 2661 976 2733 1⁷.
1023 2685 1065 2730 ex
1095 2665 1158 2731 hoe
1187 2686 1284 2753 opere
1334 2731 1338 2740 ,
1395 2689 1408 2716 ’

103 2770 245 2838 fortasse
259 2773 363 2860 petita
385 2778 470 2858 mint,
493 2793 578 2861 quae
599 2771 773 2838 Erotianus
805 2795 840 2860 p.
874 2777 928 2856 81,
962 2779 981 2837 9
1009 2769 1220 2858 Apollonium
1243 2771 1284 2842 de

103 2879 243 2946 uocibus
266 2881 444 2968 κλαγγώὸης
467 2881 559 2967 φωνή
580 2881 754 2967 prohlliese
775 2879 831 2945 ait.

201 2987 405 3054 Glaucias
428 2987 599 3076 empiricos
618 3007 683 3054 uno
705 2985 787 3054 libro
808 2987 981 3054 multorum
1003 2975 1156 3053 uersuum
1172 2987 1283 3073 (nolo-

106 3097 227 3186 στίχῳ)
263 3095 383 3162 lexeis·
404 3093 482 3162 acroi
520 3103 668 3180 στοιχεῖον
698 3093 841 3180 digestas
876 3093 1118 3181 conprehendit,
1153 3093 1188 3160 in
1220 3116 1283 3182 quo

105 3209 220 3268 tamen
254 3201 288 3268 id
310 3201 408 3268 ualde
429 3199 679 3288 uituperaudum
706 3219 777 3266 esse
807 3199 1113 3266 oenset'Erotianus
1135 3222 1168 3288 p.
1193 3205 1282 3284 35,5

107 3310 199 3401 quod
238 3310 296 3376 uni
328 3310 442 3399 cuique
471 3309 618 3393 uoculae,
649 3327 746 3395 quam
783 3305 966 3393 enarrabat,
996 3307 1122 3394 scriptis
1154 3305 1284 3396 Hippo·

108 3416 218 3504 eratis,
252 3417 287 3483 iu
322 3417 438 3504 quibus
470 3415 599 3504 legitur,
632 3411 788 3504 adpositis
824 3411 983 3505 copiosior
1014 3417 1098 3482 iusto
1130 3413 1285 3508 modoet

107 3529 239 3619 lectoris
261 3527 420 3616 patientia
442 3545 544 3612 usque
568 3523 616 3590 ad·
641 3523 806 3590 fastidium
835 3523 955 3590 abusus
985 3525 1043 3589 est.
1099 3521 1187 3588 idem
1209 3544 1284 3592 con·

108 3641 218 3708 silium
245 3635 333 3724 quod
355 3633 548 3722 Apollonius
570 3631 721 3700 Citiensis
748 3637 876 3698 secutus
905 3628 1087 3696 Heraclidis
1115 3629 1283 3699 Tarentini

108 3746 331 3836 expositiones
354 3743 544 3828 glossarum,
569 3759 651 3826 quae
675 3738 805 3804 omuino
828 3738 979 3824 plausum
1009 3736 1184 3804 adsecutae
1215 3757 1283 3803 non

108 3874 182 3922 esse
211 3851 373 3934 uidentur,
402 3847 574 3934 adgressus
606 3850 665 3912 est.
711 3845 881 3934 qulnqoies'
911 3865 998 3910 nunc
1036 3845 1072 3910 in
1105 3843 1281 3912 Erotianeo

107 3963 216 4031 lexico
238 3957 401 4043 laudatur,
424 3957 472 4022 ita
492 3959 529 4021 ut
552 3955 652 4021 semel
674 3953 709 4018 in
732 3953 892 4020 consortio
913 3946 1118 4036 Ischomaehi
1139 3945 1173 4019 et
1202 3949 1286 4040 Hip·

108 4069 259 4160 ponaatis
281 4065 485 4154 grammatici
507 4067 692 4150 conpareat,
715 4081 852 4148 quorum
874 4055 1048 4126 adsensum
1075 4059 1160 4142 tulit,
1183 4061 1285 4128 tribus

107 4187 222 4250 autem
243 4178 323 4246 locis
347 4181 394 4262 (p.
418 4183 472 4258 43,
498 4181 557 4257 163
582 4179 635 4254 49,
659 4180 696 4255 4;
731 4177 805 4253 114,
829 4171 865 4255 5)
887 4188 909 4232 a
929 4165 1070 4235 Bacchis
1105 4166 1285 4237 mentm

106 4288 198 4380 quod
219 4289 248 4355 si
270 4305 337 4353 non
359 4283 406 4352 ite
428 4285 523 4365 esset,
539 4299 613 4346 eum
629 4277 762 4346 Bacchii
782 4276 1086 4344 nassamones
1103 4273 1285 4346 lleraolidis
