3162 4816
807 261 923 322 xxvm

281 465 320 530 ut
340 457 564 531 Dioscoridsm
584 460 716 536 nominc
736 463 864 528 tantrm
894 460 927 530 ei
960 459 1124 548 cognitam
1154 459 1253 528 ruere
1286 455 1455 546 adpareat.
1567 473 1568 540 ᾗ

222 571 225 581 ’
283 569 382 641 hodie
403 589 504 637 unum
526 574 627 638 restat
648 568 867 656 fragmentum
885 567 974 655 apud
995 568 1187 639 Erotianum
1201 589 1234 655 p.
1253 573 1456 650 132,1s.n.

281 681 381 768 φωναὶ
403 679 625 761 κατείλλοοσοι,
652 676 688 742 in
706 697 785 764 equo
809 675 954 762 Bacchi,
974 682 1012 743 ut
1043 675 1172 744 indetur
1205 673 1460 762 explicationem

278 787 518 873 ‚inpugnantem
544 782 614 850 ueri
640 782 765 870 aliquid
786 781 908 851 uidisse
928 802 995 849 non
1015 782 1203 868 negandum
1224 786 1284 848 est
1329 781 1365 846 in
1386 779 1461 846 uni·

281 913 413 960 nemum
437 897 548 959 antem
571 890 640 958 eius
661 890 947 978 interpretationes
968 889 1200 956 uocabulorum
1223 888 1404 974 singulares
1427 891 1463 952 et

288 997 580 1068 concucurrisse
602 997 763 1083 uidentur,
787 1019 859 1067 cum
893 1019 959 1066 non
988 995 1085 1065 modo
1117 995 1251 1067 Bacchii
1272 1001 1305 1064 et
1337 995 1464 1062 Philini

285 1107 344 1176 sed
368 1108 467 1175 etiem
487 1107 610 1196 Epielis
632 1112 665 1176 et
679 1105 847 1194 Apollonii
862 1106 993 1194 Opheos
1010 1105 1146 1174 decretis
1161 1104 1342 1190 refragatus
1364 1107 1464 1170 esset.

379 1213 635 1282 intermediae·
666 1212 859 1300 interpretes
886 1212 1095 1300 Hippocratis
1124 1217 1253 1300 praeter
1282 1209 1466 1276 Bacchium

288 1319 516 1390 celeberrimus
545 1324 595 1386 est
627 1317 878 1386 Heraclides
913 1319 1118 1406 Tarentinus,
1150 1319 1296 1386 Mentiae
1321 1317 1467 1404 discipu-

286 1429 396 1514 lus,³²)
412 1427 468 1516 qui
482 1433 548 1494 tre!
563 1426 662 1495 libros
678 1425 751 1512 πρὸς
766 1433 917 1513 Βακχεῖον
937 1429 1007 1511 περὶ
1029 1436 1092 1494 scir
1113 1427 1330 1512 Ἱπποκράτους
1352 1425 1467 1504 λέξεων

288 1535 399 1602 edidit.
422 1535 463 1600 cf.
486 1535 632 1602 Erotian.
655 1556 688 1622 p.
713 1541 768 1619 32,
792 1541 823 1619 2,
845 1532 961 1620 fragm.
983 1531 1145 1604 LXXIH.
1197 1531 1361 1622 scriptioni
1383 1539 1466 1600 snae

284 1662 453 1721 recensum
476 1641 700 1728 interpretum,
720 1641 824 1730 quiin
842 1641 904 1706 hoo
918 1660 1038 1726 genere
1058 1644 1309 1725 antcocmerunt,
1324 1640 1466 1728 praemi·
1569 1617 1570 1710 Ῐ

286 1749 367 1816 sisse
382 1747 521 1832 uidetur,
533 1752 647 1836 utpote
662 1747 837 1816 Erotianas
849 1746 1024 1815 Heraclide
1038 1752 1122 1816 testo
1136 1746 1348 1814 Xenoeritum
1360 1747 1468 1814 (lcum

288 1855 536 1943 grammaticum
547 1857 689 1944 primum
697 1856 880 1944 glossarum
895 1855 1114 1944 expositiones
1126 1855 1241 1924 litteris
1257 1855 1467 1940 consignasse

288 1963 397 2030 tradit.
433 1965 502 2030 eius
517 1963 591 2032 libri
612 1985 676 2051 quo
688 1963 810 2032 ordine
825 1963 973 2051 dispositi
988 1963 1117 2046 fuerint,
1133 1983 1200 2030 non
1221 1966 1349 2028 constat
1358 1983 1468 2048 neque

289 2089 334 2136 ex
344 2069 533 2156 segmentis
549 2071 698 2138 concludi
709 2076 828 2159 potest,
837 2091 910 2138 enm
921 2070 1022 2138 semel
1032 2076 1159 2138 unum
1173 2071 1262 2159 apud
1274 2071 1469 2138 Erotiannm

290 2177 365 2247 libri
389 2198 543 2248 numerus
565 2177 693 2245 additus
716 2178 768 2246 sit.
814 2177 943 2246 uidetis
964 2183 1074 2248 tamen
1096 2177 1240 2264 Bacchii,
1256 2199 1354 2265 quem
1373 2180 1469 2266 inpu-

294 2286 428 2372 gnabat,
451 2309 574 2356 morsm
606 2295 735 2356 secutis
765 2290 890 2376 glossas
918 2287 1095 2356 seeundum
1129 2289 1229 2357 libros
1258 2287 1471 2376 Hippocratis
1570 2279 1571 2282 '

295 2380 506 2479 ordinariam,
530 2395 605 2484 quia
626 2397 926 2484 interpretationem
954 2396 1046 2464 uerbi
1066 2396 1195 2464 ἐλινύειν
1217 2394 1260 2462 ad
1290 2393 1471 2482 epidemias

293 2501 483 2589 pertinentis
498 2502 581 2569 libro
596 2501 738 2570 secundo
754 2502 889 2590 protulit
904 2509 937 2570 et
951 2523 1048 2570 uoces
1058 2503 1100 2568 ab
1117 2503 1251 2572 elittera
1266 2503 1471 2590 incipientes,

297 2607 326 2674 si
349 2608 428 2676 κοτά
451 2618 599 2694 στοιχεῖον
622 2611 714 2688 λέξεις
737 2608 943 2693 condidisset,
958 2608 992 2674 in
1007 2609 1125 2676 librum
1140 2608 1280 2696 primum
1305 2611 1473 2695 relegasse

295 2735 370 2782 eum
401 2715 598 2782 uerisimile
621 2720 679 2799 est,
703 2735 745 2782 ne
767 2716 879 2784 relicui
902 2715 966 2784 duo
993 2717 1092 2784 nimio
1115 2717 1240 2787 ambito
1273 2717 1474 2785 laborarent

152 2855 158 2870 ·
294 2819 458 2907 fragmina
481 2827 591 2888 autem
617 2820 735 2906 omnia,
758 2843 843 2910 quae
865 2823 1040 2894 Hrotiarrns
1063 2826 1223 2912 exhibuit,
1246 2847 1311 2894 rmo
1334 2829 1473 2912 excepto

297 2949 341 2996 ex
372 2927 461 2995 hisce
488 2927 579 2994 libris
601 2928 704 3014 petita
733 2935 818 3014 sont,
842 2930 1016 3020 inquibus
1044 2933 1178 3002 Baeohii
1199 2933 1344 3022 inprimis
1373 2932 1474 2998 inter·

296 3035 495 3122 prolationes
517 3035 659 3106 examini
681 3037 842 3104 subiciens
864 3039 954 3106 hand
974 3061 1048 3110 raro
1078 3040 1113 3106 in
1136 3041 1331 3111 sententiam
1365 3039 1407 3106 sb
1429 3059 1472 3106 eo

297 3141 460 3208 diuemam
493 3143 676 3212 discessisse
709 3144 847 3212 uidetur.
904 3167 990 3214 nnnc
1021 3167 1097 3214 eum
1137 3168 1202 3216 uno
1239 3152 1366 3214 tantum
1399 3146 1473 3213 loco
1571 3173 1572 3206 l

297 3250 418 3337 (serica
447 3249 534 3316 enim
567 3249 732 3340 landatur)
752 3273 773 3320 a
794 3252 928 3318 Bacelrii
949 3258 1043 3340 parte
1068 3259 1156 3322 stare
1177 3253 1327 3322 uidemus
1357 3273 1474 3320 uocem
1570 3305 1572 3352 j

298 3364 388 3424 θεῖον
408 3376 481 3424 esse
499 3356 534 3422 ul
558 3358 692 3442 λοιμικὸν
714 3359 817 3438 πάθος
839 3359 1051 3454 decernentis.
1089 3361 1204 3448 quodsi
1221 3381 1300 3430 nero
1317 3361 1475 3449 conplura

297 3463 398 3532 etiam
418 3463 580 3530 uocabula
601 3464 647 3530 ita
669 3465 859 3552 explanarit
880 3471 917 3532 ut
939 3486 1056 3534 uocem
1076 3473 1209 3551 μᾶσσον,
1235 3489 1334 3558 quam
1356 3477 1473 3554 πλεῖον,
1571 3549 1572 3566 ¹

296 3569 466 3639 Berones
480 3577 590 3639 autem
609 3577 699 3640 reete
722 3572 852 3638 ἔλασσον
870 3573 1101 3661 interpretetus
1116 3581 1187 3644 erat
1209 3575 1263 3664 (ei.
1278 3575 1423 3642 Hrotan.
1436 3595 1471 3664 p.
1571 3609 1572 3666 p

300 3685 353 3764 95,
374 3681 419 3766 6),
442 3700 648 3768 nequequam
663 3679 865 3767 prouinciam
882 3680 967 3750 inse
983 3687 1167 3770 susceptam
1183 3688 1313 3754 strenue
1333 3682 1477 3770 gessisse
1570 3737 1572 3748 .

300 3786 465 3873 putandus
491 3792 550 3854 est.
592 3792 722 3875 praeter
758 3787 883 3874 glossas
921 3788 1043 3876 pariter
1079 3794 1178 3878 atque
1214 3790 1405 3880 Pamphilus
1441 3798 1477 3860 et
1571 3781 1572 3854 3

302 3891 511 3962 Dioscorides
526 3894 641 3980 iunior,
663 3913 760 3982 quem
773 3894 1032 3962 Alexandrinum
1054 3895 1176 3984 dicunt,
1191 3899 1323 3966 nomina
1347 3919 1478 3989 qnoque
1571 3913 1572 3926 ¹

375 4150 421 4219 82)
442 4151 569 4208 Glaesiae
586 4150 743 4218 discipulum
761 4153 840 4206 fuine
857 4154 1024 4208 Heraclidem
1041 4157 1089 4222 qui
1105 4156 1134 4208 in
1151 4156 1247 4228 Paclyi
1272 4159 1480 4227 encyclopaedia
1571 4133 1572 4204 Τ

305 4239 369 4292 reali
385 4256 407 4294 a.
426 4255 452 4298 n.
471 4240 611 4305 mendo,
631 4239 699 4297 unde
716 4239 824 4295 actumst
839 4241 959 4296 inumlre
976 4259 1029 4298 non
1046 4244 1130 4310 potui.
